3966 5076
44 485 154 560 multo
174 479 276 572 plura
298 471 406 542 verba
425 464 573 545 habent,
596 449 715 544 quibus
737 441 887 532 singulas
907 440 1057 524 quasque
1077 456 1149 520 res,
1171 449 1258 519 quae
1276 425 1413 520 ,ad'rem
1432 419 1640 492 maritimam
1654 433 1739 514 per·-
1797 419 1802 431 '

47 609 177 687 tinent,
197 591 416 686 exprimant,
447 601 548 671 quam
568 571 593 638 ii
612 565 751 659 populi,
774 557 834 648 qui
855 581 875 625 a
896 553 1066 624 littoribus
1089 563 1123 617 et
1144 540 1379 633 enavigando
1393 547 1481 610 'mat
1500 538 1630 610 remoti
1643 542 1739 612 ‚etin

48 702 480 812 ,gricultum,:venutiono
507 691 624 760 aliisve
653 679 794 770 negotiis
811 667 1127 786 'aetatem'degunt
1172 646 1350 754 Quaenam
1376 671 1491 728 autem
1512 658 1602 750 apud
1618 637 1741 730 ,omnes
1849 688 1851 696 ·

49 838 205 910 homines
227 825 324 898 notio
345 818 451 906 magis
471 807 726 894 frequentatur,
746 816 856 885 ‘quarn
877 789 1008 883 primae
1035 797 1069 852 et
1090 779 1257 850 secundae
1278 755 1477 870 personae,'
1491 799 1517 843 e·
1530 774 1669 861 quibua,
1691 775 1743 843 uti

53 959 83 1042 §.
109 959 141 1020 8.
174 945 366 1040 docuimus,
401 925 512 997 omnis
546 920 653 1024 oratio
685 911 855 982 nascitur?
894 910 1014 994 Itaque
1050 923 1122 968 nou
1156 895 1349 965 mirandum
1376 904 1445 990 est,
1474 891 1643 980 sicarum
1661 912 1745 981 per·
1863 918 1868 929 ·

54 1080 228 1142 sonarum¹
256 1056 410 1126 notiones
445 1042 599 1136 pluribus
636 1030 750 1103 verbis
786 1025 1079 1096 enuntiaverunt..
1130 1017 1210 1084 Huc
1246 1012 1353 1081 etiam'
1374 1006 1527 1093 *accedit,
1560 1005 1653 1094 q'uod
1684 990 1746 1073 vix

57 1189 241 1282 quidquam
260 1170 368 1256 magis
397 1165 501 1232 homo
528 1149 788 1233 animadvertit,
814 1163 914 1234 quam
941 1148 1028 1224 quae
1046 1146 1105 1203 aut
1119 1133 1169 1200 ‘in
1189 1132 1320 1221 ipsum,
1352 1095 1609 1214 quiloquatur,
1632 1136 1693 1191 aut
1711 1121 1748 1190 iu
1805 1089 1813 1102 i

58 1329 153 1388 eum,
186 1310 343 1398 quocum,
364 1279 543 1371 loquatur,
580 1271 712 1338 cadant.
775 1265 894 1346 Itaque
925 1266 1090 1344 quantum
1116 1249 1156 1318 in
1181 1247 1234 1313 his
1263 1240 1522 1335 pronominibus
1547 1254 1582 1308 et
1609 1221 1748 1307 munna

62 1437 97 1492 et
132 1425 355 1484 numerorum
391 1397 433 1465 sit
468 1391 666 1470 discrimen,
697 1382 825 1473 optime
851 1371 1010 1460 intelligit
1037 1381 1137 1457 atque
1167 1363 1337 1455 perspicit.
1394 1347 1550 1427 Nam'ut
1578 1368 1599 1424 a·
1625 1379 1752 1432 numa·¹

62 1554 183 1608 rorum
204 1519 401 1594 diversitate
423 1511 661 1620 exordiamur,
693 1492 884 1587 quanquam
903 1509 963 1557 nos
983 1487 1098 1576 plures
1119 1459 1270 1549 eiusdem
1292 1475 1561 1564 generis,atque
1583 1485 1644 1564 ego
1665 1491 1753 1552 sum3
1868 1467 1872 1475 '

64 1651 219 1724 homines
240 1637 425 1754 significat,
446 1622 560 1698 tamen
587 1623 682 1702 illos,
705 1629 944 1702 (111011110011111
964 1601 1153 1684 coniungo,
1182 1611 1359 1676 nunquam
1380 1589 1516 1660 eosdem
1538 1559 1752 1674 crematque
1788 1658 1791 1664 ,

29 1789 34 1804 “
67 1794 129 1858 ego
152 1765 236 1848 sim,
266 1753 439 1836 iudicabo,
459 1748 518 1814 sed
539 1765 595 1810 mc
616 1735 730 1827 potins
752 1731 795 1796 ab
818 1726 859 1792 iis
881 1723 1055 1789 diversum
1069 1735 1140 1780 esse
1156 1705 1276 1776 sentio.
1321 1701 1401 1789 Quo
1416 1722 1535 1779 sensu,
1555 1705 1675 1786 quiin
1688 1704 1754 1769 110.

65 1883 215 1957 'minibus
244 1872 364 1942 insitus
393 1878 461 1948 est,
488 1874 529 1928 ut
554 1854 675 1924 melius
702 1841 843 1931 intelligi
873 1859 973 1928 quam
1001 1825 1178 1922 explanari
1205 1833 1323 1910 queat,
1350 1815 1478 1884 factum
1508 1824 1575 1896 est,
1598 1814 1643 1880 'nt
1669 1827 1703 1882 et
1717 1816 1756 1885 in

54 2003 177 2076 'dualis
205 2005 240 2062 et
266 1991 303 2057 in
330 1980 468 2076 pluralis
498 1971 632 2070 numeri
653 1967 754 2034 nsum
773 1956 921 2028 Romani
942 1964 975 2018 et
1002 1944 1123 2015 Graeci
1146 1941 1270 2026 aliique
1290 1933 1410 2026 populi
1431 1928 1582 1996 diversas¹
1600 1949 1621 1995 a
1640 1925 1758 2012 cingu-

71 2121 135 2190 lari
166 2121 310 2180 numero
344 2095 566 2164 adsciscerent
595 2085 734 2154 radices.
788 2071 966 2144 Differunt
994 2064 1086 2132 enim
1111 2053 1288 2144 singularis
1309 2048 1452 2121 ‚numeri
1480 2042 1608 2113 radices
1639 2041 1703 2128 ἐγώ
1724 2049 1758 2106 et

72 2227 175 2327 poda
198 2220 290 2316 duali
309 2235 453 2284 numero
475 2209 538 2278 νωῖ·
553 2215 587 2272 et
608 2225 628 2268 a
646 2193 772 2290 plurali
792 2189 899 2277 ἤμεΐς,
918 2181 1010 2252 etin
1031 2179 1135 2245 altera
1154 2193 1301 2262 persona
1320 2151 1408 2236 odet
1420 2161 1523 2250 ripeta,
1543 2166 1643 2247 atque
1668 2153 1760 2245 apud

72 2350 214 2426 Latinos
244 2337 398 2404 diversae
419 2339 499 2397 suut
518 2321 645 2392 radices
666 2316 703 2382 in
724 2333 804 2402 ego,
832 2303 918 2387 mei,
942 2310 977 2366 et
998 2317 1076 2376 noos
1105 2293 1144 2360 in
1165 2303 1203 2356 tn
1225 2293 1264 2354 et
1280 2307 1348 2356 vos.
1390 2281 1507 2365 Atque
1525 2275 1599 2346 tere
1620 2271 1783 2342 eandem,

76 2479 225 2540 caussam
246 2475 316 2522 csse
332 2448 495 2531 arbitror,
522 2460 582 2508 cur
600 2457 660 2526 ago
679 2414 908 2499 nominativus
930 2439 949 2484 s
968 2413 1055 2497 mei,
1085 2405 1190 2513 midi,
1212 2425 1285 2485 nae,
1307 2397 1457 2470 eiusdem
1470 2391 1609 2464 numeri
1632 2387 1764 2456 casibus

79 2579 240 2670 obliquis,
262 2568 295 2639 et‘
317 2567 380 2654 ἐγώ
395 2588 415 2632 a
430 2567 510 2654 poi,
528 2559 602 2645 μοί,
622 2551 663 2639 με’
679 2546 763 2615 adeo
780 2539 956 2615 different,
976 2529 1162 2615 eademque
1183 2519 1284 2588 etiam
1299 2513 1337 2601 in
1354 2511 1503 2598 cognatis
1514 2505 1638 2594 linguis
1651 2504 1765 2576 diver-e

79 2710 159 2778 sitas
169 2700 207 2766 in
223 2709 317 2758 casus
333 2682 415 2751 recti
427 2690 463 2744 et
475 2677 692 2760 obliquorum
703 2658 872 2729 radicibus
883 2647 1084 2736 reperiatur.
1126 2639 1165 2708 N
1166 2659 1203 2704 os
1216 2632 1309 2702 enim
1321 2627 1526 2698 declinamus
1540 2621 1607 2706 iob,
1628 2618 1768 2700 meinos,

81 2823 169 2904 mir,
188 2825 222 2881 et
241 2803 318 2872 Indi
340 2797 447 2868 eham
466 2813 546 2881 ego,
567 2801 685 2851 mama
705 2774 793 2855 mci,
816 2789 894 2838 moe
913 2760 1017 2843 mibi,
1039 2767 1103 2828 md,
1118 2777 1189 2839 me,
1212 2762 1245 2820 et
1262 2746 1356 2816 Lelti
1376 2768 1410 2812 es
1431 2767 1512 2834 ego,
1534 2737 1671 2808 monnio
1690 2731 1769 2814 mei,

83 2959 167 3010 man
183 2924 287 3008 mibi,
318 2928 353 2986 et
368 2905 546 3004 Polonijo
560 2909 640 2990 ego,
665 2892 757 2964 mnia

83 3067 248 3150 personae
262 3031 465 3131 pronomine
479 3025 626 3091 diversas
639 3004 823 3082 radioesad
835 2995 935 3069 unius
951 2993 1086 3065 numeri
1101 2983 1358 3056 declinationem
1374 2969 1601 3049 adhibuerint,
1624 2962 1708 3028 haec
1717 2972 1776 3026 est.

85 3167 256 3250 Homines
271 3153 357 3224 nihil
371 3127 478 3234 aeque
495 3140 707 3215 discernunt,
731 3145 834 3212 quam
855 3137 941 3204 quae
964 3123 1021 3180 aut
1036 3105 1102 3211 ipsi
1118 3110 1235 3190 agant,
1256 3119 1322 3183 qua
1336 3093 1374 3158 in
1388 3113 1426 3156 re
1441 3081 1671 3154 nominativus
1684 3077 1778 3142 casus

90 3285 285 3360 adhibetur,
323 3277 382 3338 aut
401 3262 459 3328 alii
478 3258 527 3325 ita
547 3249 740 3344 perficiant,
772 3250 809 3307 ut
834 3259 873 3303 ea
900 3231 989 3319 ipsos
1009 3223 1180 3308 attingant
1197 3225 1231 3283 et
1254 3211 1295 3280 ad
1318 3212 1409 3300 ipsos
1428 3204 1502 3272 vim
1520 3196 1695 3288 quandam
1716 3195 1779 3262 ha·

67 3393 70 3396 ¹
90 3411 208 3483 beant,
230 3391 267 3460 id
286 3384 377 3473 quod
398 3401 461 3472 per
481 3393 577 3442 casus
591 3363 743 3451 obliquos
766 3349 911 3442 exprimi

266 3504 369 3570 'aliam
387 3499 424 3564 in
444 3484 647 3584 pronomine
663 3476 792 3569 primae
806 3483 970 3557 personae
984 3455 1076 3540 casui
1091 3463 1201 3537 recto,
1224 3447 1323 3515 aliam
1340 3442 1405 3508 casi

91 3517 249 3591 versitate

31 3639 37 3649 '
92 3623 217 3708 verunt
242 3621 400 3690 formam.
442 3609 549 3695 idque
573 3595 721 3668 Romani
742 3599 776 3656 et
799 3579 921 3650 Graeci
942 3577 979 3642 in
998 3559 1110 3662 prima
1129 3577 1260 3633 tantum
1282 3537 1624 3642 singularis'nume'ri
1637 3527 1799 3630 persona⁴

36 3728 43 3732 -
93 3753 265 3826 feceruut3
285 3732 386 3801 ludos
409 3739 444 3795 et
460 3724 606 3792 Polonos
629 3711 747 3779 eadem
770 3722 886 3772 caussa
899 3687 1080 3779 compulit,
1102 3691 1142 3749 ut
1157 3678 1258 3748 etiam
1277 3673 1315 3740 in
1328 3665 1452 3759 plurali
1465 3681 1609 3750 numero
1622 3647 1783 3722 nomina*

56 3925 57 3928 κ
94 3842 205 3942 tivum
222 3837 383 3926 acasibus
398 3838 542 3928 obliquis
557 3805 780 3906 secernerent,
800 3815 878 3885 Indi
893 3811 983 3880 enim
998 3804 1118 3894 anjam
1133 3821 1204 3883 nos,
1225 3813 1331 3862 accus,
1346 3779 1471 3864 isurun,
1493 3777 1647 3854 instrum.
1668 3771 1784 3835 domo-

825 3933 891 3998 dat.
913 3949 995 3994 nom
1016 3922 1158 4000 habeut3
1181 3903 1215 3980 et
1236 3910 1273 3977 in
1286 3877 1404 3992 lingna
1422 3891 1604 3966 vernacula
1625 3889 1691 3956 hoc
1714 3885 1785 3956 dise

992 4055 1173 4109 numerum
1195 4023 1329 4095 transiit
1350 4019 1434 4104 wir,
1463 4032 1583 4095 unser,
1608 4023 1694 4081 nns3
1720 3995 1787 4082 ior,
1857 4063 1858 4066 Ἴ

102 4241 199 4297 aner,
221 4204 296 4276 auc]
307 4246 316 4266 .
750 4247 754 4256 Q
872 4257 874 4264 y

207 4333 243 4411 2)
268 4313 401 4390 Deinde
424 4306 507 4376 illud
523 4314 579 4383 est,
588 4291 844 4386 explicandum,
867 4274 1036 4372 quomodo
1051 4272 1125 4350 fiat,

104 4443 329 4525 declinatione
342 4425 499 4502 nonnulli
513 4413 675 4512 plurativi
691 4430 784 4478 casus
799 4397 974 4488 singularis
988 4385 1122 4480 numeri
1136 4359 1432 4488 formasalrabeau‘t.

1089 4675 1124 4718 ,Ν

769 2887 854 2971 mei,
875 2880 967 2950 mnis
982 2875 1088 2968 miti,
1114 2883 1176 2938 etc.
1222 2869 1489 2940 consonantem,
1512 2879 1572 2924 eur
1587 2855 1624 2918 in
1640 2847 1776 2934 primae
1874 2885 1875 2890 ι
1952 2819 1953 2871 i
