3966 5076
1893 205 1945 290 cr

252 433 406 517 anatur,
441 413 637 514 particulam
665 405 889 500 temporalem
920 403 1022 474 ctiam
1050 401 1093 474 ad
1121 425 1251 475 causus
1280 423 1318 470 ac
1346 389 1508 475 rationes*
1523 401 1756 494 significandas
1780 404 1945 490 adhiberi,

249 531 322 616 non
349 555 399 611 aar
420 539 563 626 ,anirum-
618 525 747 594 Eadcm
774 521 899 592 vocula
927 523 965 594 in
994 521 1159 611 quoniam
1189 521 1377 608 vocabulo,
1408 546 1428 591 a
1454 545 1562 612 qaum
1589 530 1626 587 et
1649 518 1723 586 iam
1744 524 1943 612 composito,

252 672 361 750 agras,
390 643 668 748 pronominisquc
696 639 870 742 indefiniti
896 640 951 712 vis
970 641 1009 710 io
1031 639 1230 731 cunque,'i.
1253 665 1283 710 e.
1303 663 1453 732 quoque,
1483 640 1544 733 (cf.
1563 641 1593 723 §.
1612 642 1666 706 27.
1683 641 1728 723 8.)
1759 649 1956 740 comparet,

251 770 430 865 Temporis
457 766 558 834 etiam
575 761 675 834 'notio
703 759 742 830 in
769 756 852 824 dum
879 769 916 824 et
944 767 1020 829 tum
1045 771 1080 827 et
1105 783 1188 828 num
1217 759 1315 827 inest.
1360 759 1496 830 Etenim
1526 779 1629 839 num,
1663 755 1706 824 de
1730 755 1827 836 cuins
1848 759 1945 834 verbi

250 893 361 964 radice
381 887 410 970 §.
435 889 485 953 13.
506 885 538 952 o.
561 891 673 949 actum
696 889 765 964 est,
792 876 934 972 proprie
965 890 1024 944 est·
1041 876 1104 943 lcoc
1133 889 1303 964 tempore,
1334 877 1368 942 id
1392 875 1480 966 quod
1504 898 1549 942 ex
1570 873 1761 939 etiamnum
1779 876 1959 943 vocabulo·

229 1000 450 1096 perspicias,
474 1014 509 1069 et
530 998 589 1090 qui
603 973 685 1085 auin
694 991 843 1086 fecisti?
866 994 1014 1084 quaerit,
1033 981 1138 1062 ¹simul
1158 1015 1205 1058 on
1226 992 1287 1058 boc
1302 1005 1451 1082 tempore
1463 991 1593 1084 feceris
1608 990 1800 1060 sciscitatur.
1847 973 1961 1080 Quae1

251 1145 323 1196 vox
345 1143 451 1210 quum
471 1130 543 1187 tota
563 1113 750 1206 particulae
771 1113 1034 1198 interrogativae
1058 1114 1129 1180 vim
1143 1109 1338 1200 accepisset,
1360 1112 1418 1178 ubi
1435 1126 1568 1208 tempus
1583 1105 1841 1198 significandum
1860 1121 1962 1212 erat„

251 1219 403 1306 c'litlera
435 1231 699 1305 demonstrativa
727 1227 839 1296 addita
869 1249 958 1294 nunc
983 1241 1033 1295 cst
1063 1230 1199 1296 dictum.
1246 1227 1332 1296 cum
1361 1225 1423 1292 hac
1452 1215 1618 1317 particula
1645 1223 1701 1297 sir
1727 1247 1844 1314 graeca
1872 1213 1962 1294 voxl

194 1416 197 1423 .
253 1345 302 1425 e'st
324 1353 570 1448 comparanda,
594 1371 679 1434 quae
699 1371 742 1412 ex
764 1345 881 1412 eadem
897 1329 1000 1433 'atque
1020 1345 1164 1412 latinum
1187 1359 1269 1410 num
1290 1342 1402 1408 radice
1424 1343 1594 1432 profecta,
1618 1367 1696 1424 cum
1718 1345 1814 1412 vario
1841 1343 1943 1411 modo

252 1475 410 1563 usurpari
430 1480 546 1554 coepta
566 1461 667 1542 esset,
690 1462 750 1528 ubi
769 1463 931 1552 temporis
953 1463 1066 1546 nolio,
1095 1485 1180 1550 quae
1202 1459 1342 1556 propria
1364 1458 1446 1545 luit,
1469 1470 1568 1544 atque
1583 1459 1747 1546 primaria
1769 1462 1821 1526 vis
1840 1485 1946 1528 voca·

252 1577 324 1653 buli
349 1595 419 1648 erat
447 1577 615 1668 urgenda,
643 1605 655 1645 ι
681 1579 809 1670 syllaba
831 1579 1097 1647 demonstrativa
1121 1565 1247 1652 adiecta
1270 1577 1470 1668 augebatur3
1505 1578 1575 1642 rari
1597 1574 1688 1640 enim
1711 1597 1819 1655 nunc,
1848 1575 1946 1642 bocco

252 1687 402 1784 tempore
422 1707 481 1763 est.
524 1694 640 1760 Etiam
667 1707 747 1762 tum
767 1697 951 1786 particula,
983 1720 1069 1785 quae
1096 1713 1173 1762 cum
1194 1697 1270 1760 voci
1292 1693 1489 1786 respondet,
1515 1689 1656 1780 proprie
1678 1702 1727 1756 est
1748 1693 1945 1780 temporalis

190 1827 193 1841 ·
251 1811 481 1907 significatque
508 1810 569 1876 boc
591 1823 759 1900 tempore3
792 1813 849 1878 sed
872 1814 1033 1901 quoniam
1056 1813 1174 1879 eadem
1199 1811 1315 1880 itidem
1337 1811 1460 1878 sensim
1480 1810 1578 1876 aliter
1599 1798 1871 1897 uticoeperunt,
1902 1811 1950 1876 ad.

250 1927 384 2020 iemprus
399 1927 659 2018 significandum
682 1941 762 1996 tunc
784 1943 1002 2020 usurparunt.
1045 1929 1163 2010 Dum,
1191 1909 1287 1996 cuius
1307 1927 1407 2002 radix
1429 1930 1457 2012 §.
1480 1931 1531 1995 13.
1552 1927 1585 1994 5.
1603 1939 1656 1998 ,cst
1676 1948 1697 1992 a
1718 1905 1813 1992 nobis
1835 1948 1945 2015 expo-

249 2043 345 2127 sita,
360 2058 394 2113 et
415 2043 584 2141 indefiniti
607 2057 640 2116 et
660 2047 798 2114 relativi
826 2047 1040 2155 pronominis
1069 2049 1191 2116 habere
1205 2031 1494 2136 'significationem
1521 2057 1554 2112 ct
1574 2066 1708 2140 semper
1728 2043 1770 2108 de
1791 2055 1945 2132 tompore

251 2162 410 2252 intelligi,
440 2176 576 2230 constat.
636 2187 642 2192 ·
1532 2220 1536 2224 .

356 2273 484 2356 4)οιιν
504 2274 674 2341 Vossius
664 2299 700 2340 ιιι
722 2275 962 2364 Etymologico
988 2301 1066 2370 curn
1088 2279 1187 2343 Velio
1209 2280 1330 2363 Longo
1353 2301 1385 2366 p
1405 2283 1504 2344 2231.
1526 2301 1544 2342 o
1567 2299 1690 2364 qnare
1720 2275 1943 2342 Schneiderus

251 2393 495 2490 (Elementarb.
525 2391 557 2458 d.
586 2393 643 2458 lat.
673 2393 822 2482 Spraclre
853 2416 887 2483 p.
914 2393 1001 2481 127.)
1041 2418 1060 2460 e
1091 2394 1147 2458 cui
1176 2393 1227 2459 rei
1253 2391 1482 2460 contractione
1507 2401 1620 2458 ortum
1651 2415 1721 2460 esse
1747 2394 1942 2483 opinantur.

250 2509 411 2597 Quorum
433 2521 597 2576 neutrum
625 2503 1020 2600 equidem'probaverim
1041 2521 1182 2602 proptor
1204 2510 1334 2600 igitur,
1363 2508 1399 2574 in
1422 2531 1489 2597 quo
1511 2509 1680 2616 vocabulo
1700 2521 1757 2576 tur
1777 2510 1944 2602 particula

250 2627 362 2696 inesse
382 2627 533 2714 videtur,
564 2649 683 2716 quam,
719 2625 765 2692 si·
778 2649 875 2706 cum,
907 2639 1001 2709 tum,
1032 2648 1138 2714 quom
1161 2638 1194 2693 ct
1222 2638 1295 2692 tom
1317 2608 1586 2713 comparaveris,
1615 2647 1676 2692 cur
1697 2628 1774 2694 voci
1798 2650 1944 2718 respon·-

253 2741 333 2803 dere
353 2735 562 2804 credendum
585 2758 654 2825 est3
682 2765 873 2832 quanquam
898 2745 980 2830 quid
999 2743 1042 2841 sit
1063 2741 1218 2832 illudige
1224 2793 1237 2824 ,
1259 2742 1462 2830 ignoramus.
1506 2743 1707 2830 Hartungus
1729 2745 1943 2879 quidem,1n

219 2910 220 2914 ,
250 2851 339 2930 libro
365 2849 547 2938 aliquoties
572 2869 856 2939 commemorato,
891 2859 948 2945 igi·
966 2881 1011 2924 ex
1030 2859 1060 2922 is
1083 2858 1286 2946 pronomine
1306 2859 1375 2944 ita,
1403 2871 1443 2926 ut
1466 2883 1511 2930 ex
1529 2855 1578 2942 ὅς
1579 2860 1789 2947 pronomine
1808 2851 1861 2952 ἧχι
1882 2859 1941 2930 cr·

242 2979 326 3070 'tuor
350 2989 419 3038 csse
437 2968 519 3036 vult.
561 2966 631 3038 sed
647 2947 988 3059 quomodocunque
966 2971 1027 3062 agi
1048 2985 1097 3040 est
1108 2973 1399 3064 interpretandum
1407 3023 1419 3058 ,
1441 2987 1499 3046 tor
1517 2975 1703 3046 flexionem
1717 2977 1844 3044 cssoad
1856 3001 1940 3067 pro-

253 3062 430 3148 nominum
446 3083 573 3152 radices
588 3085 756 3192 additam,
778 3090 982 3177 putaverim.

357 3200 394 3289 5)
423 3195 581 3287 Denique
609 3186 701 3267 alias
733 3216 766 3270 et
796 3205 924 3271 alterna
952 3219 1030 3274 sunt
1057 3209 1372 3290 commemoranda,
1409 3229 1490 3296 quas
1517 3231 1617 3296 voces
1646 3209 1845 3296 Hartungus
1873 3237 1937 3303 pro

250 3316 368 3424 priscis
391 3313 549 3382 feminini
576 3305 751 3405 singularis
772 3321 907 3390 numeri
934 3325 1089 3413 genitivis
1112 3328 1227 3409 babet,
1271 3328 1413 3394 verbum
1437 3324 1536 3390 boras
1559 3325 1720 3394 omissum
1742 3348 1814 3397 esse
1834 3341 1938 3398 ratus

251 3421 374 3520 Neque
402 3444 518 3501 omen
546 3434 628 3520 hoc,
659 3457 771 3522 quum
791 3441 931 3508 usitatae
956 3442 1111 3530 gemtivi
1108 3434 1311 3510 formae!
1272 3467 1295 3507 o
1297 3443 1383 3521 lius,
1416 3441 1558 3507 olterrus
1580 3443 1665 3524 sint,
1694 3443 1780 3510 mihi
1799 3445 1937 3558 videtur

252 3575 322 3624 esse
341 3549 536 3617 verisimile.
580 3553 654 3640 Ego
677 3567 791 3624 tumen
812 3557 902 3648 ipse,
922 3559 1092 3648 quomodo
1115 3581 1188 3624 eam
1211 3559 1397 3626 flexionem
1413 3547 1601 3648 explicem,
1621 3583 1691 3628 nou
1713 3561 1832 3628 babeo.

356 3667 411 3734 De
431 3666 522 3735 ἔνθεν
544 3681 578 3737 et
598 3669 679 3743 irae
701 3676 829 3760 vide§.
851 3681 905 3743 26.

1026 3865 1079 3966 a*
1095 3855 1161 3952 ιι.

261 4077 266 4086 .
320 4005 378 4064 ou
407 4006 624 4071 srunaars
649 4015 928 4088 Qumusoan
948 4017 1079 4092 quan
1110 4019 1207 4082 cun
1237 4017 1527 4078 ennacoaun
1550 4017 1868 4102 rnononrnun

793 4117 1045 4175 armemus
1073 4117 1393 4176 occursurus.

241 4283 252 4296 ·
271 4299 274 4308 ·
290 4277 294 4286 ’
355 4245 535 4320 1>Multae
548 4263 627 4318 sunt
637 4254 797 4338 syllabae,
821 4279 917 4342 quae,
939 4257 990 4322 uti
1004 4279 1082 4324 cnm
1096 4258 1212 4326 ceteris
1225 4247 1430 4338 nominibus,
1448 4257 1497 4325 ita
1509 4238 1617 4327 etiam
1630 4280 1707 4324 cum
1719 4258 1932 4347 pronomini-

241 4355 311 4424 bus
331 4361 544 4452 conahatur.
558 4415 562 4418 -
578 4369 622 4436 Et
635 4372 772 4464 syllabis
787 4400 821 4442 oa
836 4386 871 4464 at
881 4373 1077 4463 scanditis,
1099 4367 1175 4444 oica
1189 4388 1222 4443 ct
1236 4369 1316 4446 πόθι
1327 4375 1493 4452 ,οιίιιιιιιιι.
1526 4374 1705 4442 Praeterea
1718 4385 1778 4442 uas
1792 4377 1930 4464 syllaba,

262 4491 264 4496 '
1099 4501 1101 4506 “
1545 4491 1581 4556 N
