3966 5076
246 371 434 448 quanquam
455 349 578 416 verum
600 347 675 427 est,
689 359 798 427 neque
819 347 899 425 ego,
922 315 1092 424 quomodo
1110 359 1128 399 ν
1151 317 1315 399 insertum
1330 331 1515 423 explicem,
1540 330 1666 416 babeo,
1692 340 1805 400 tomen
1819 333 1862 401 de
1874 333 1920 400 illt

134 523 139 528 .
246 453 374 559 origine
400 466 486 534 nihil
504 463 642 533 videtur
665 452 881 523 dubitationis
908 452 1066 540 relinqui.
1109 449 1240 538 Eodem
1268 449 1359 516 euim
1381 451 1483 518 modo
1505 473 1524 518 e
1545 452 1652 535 τόσος,
1678 459 1779 535 τοῖος,
1805 447 1920 531 τηλίκος

230 585 352 658 =affixo
373 588 427 664 τός
446 575 667 677 pronomine,
693 577 857 653 τοσοῦτος,
881 577 1037 650 τοιοῦτος,
1059 575 1234 651 τηλικοῦτος
1258 579 1332 635 orta
1352 563 1464 634 sunux
1485 567 1598 636 Etiam
1621 569 1657 634 iu
1675 565 1840 635 adverbiis
1856 567 1921 654 qui·

239 701 404 788 busdam,
431 721 517 789 quae
538 719 558 762 a
579 688 838 786 pronominibus
857 683 947 758 facta
973 697 1069 771 sunt,
1097 686 1126 752 si
1147 684 1285 752 eaedem
1307 685 1456 775 syllabae
1477 698 1695 774 repetuntur,
1718 675 1863 752 alittera
1876 683 1921 778 in·

241 822 375 892 seritur.
418 817 511 883 Nam
534 833 579 878 ex
602 810 683 877 ἔνθα
703 816 736 871 et
750 802 864 883 ἔνθεν,
883 809 932 869 θα
947 812 981 870 et
992 809 1053 870 θεν
1067 801 1204 890 syllabis
1220 801 1412 894 duplicatis,
1433 801 1579 870 indui-‘lu
1593 815 1627 870 et
1640 804 1794 871 ἐνθεῢθεν
1812 801 1922 868 oriun-

241 951 317 1023 tur,
346 931 446 1021 {quod
474 931 574 996 Ioues
600 927 738 992 ἐνθαῦτα
765 932 800 988 et
819 920 980 1003 ἐνθεῦτεν,
1009 919 1119 987 Attici
1142 921 1298 1000 ἐνταῦθα,
1333 918 1477 986 ἐντεῦθεν
1499 909 1734 1010 pronuntiant·
1777 918 1888 1004 Atque
1911 941 1923 982 ε

240 1063 338 1140 ,ἦμος
351 1051 392 1119 fit
405 1055 564 1136 τημοῦτος,
585 1039 675 1129 quod
689 1036 781 1127 apud
797 1036 986 1104 Hesiodum
999 1048 1102 1123 extat,
1125 1037 1214 1126 Ἕρν.
1228 1037 1318 1120 578,
1340 1047 1372 1102 et
1386 1059 1405 1101 e
1418 1041 1539 1121 τηνίκα,
1560 1045 1730 1119 τηνικαῦτα.
1762 1037 1883 1122 Neque
1900 1030 1923 1096 si

115 1193 121 1200 ·
208 1161 218 1214 l
241 1171 284 1238 ad
297 1166 540 1259 pronominum
561 1159 633 1227 vim
657 1155 844 1244 aagendam
866 1152 1075 1221 eademvox
1094 1154 1278 1243 repetitur,
1303 1153 1389 1219 illud
1411 1166 1523 1244 potest
1545 1153 1734 1222 offendere.
1760 1151 1864 1237 ‘Quis
1879 1161 1924 1217 est

243 1287 351 1371 enim,
369 1284 424 1352 cui
441 1303 511 1349 non
531 1278 568 1345 in
580 1285 731 1351 mentem
745 1267 887 1339 veniant
902 1268 1047 1337 ἐντεῦθεν
1062 1282 1095 1336 et
1108 1271 1263 1356 ἐνταῦθα,
1292 1255 1378 1358 quae
1391 1273 1493 1340 modo
1509 1269 1871 1349 commemoravimus,
1892 1264 1924 1334 iu

242 1403 436 1492 quibusdan
455 1409 489 1467 et
502 1403 551 1464 θα
572 1393 721 1481 syllabae
740 1386 903 1478 repetitae
916 1387 1019 1453 snut?
1048 1387 1118 1473 Qui
1137 1411 1209 1453 non
1224 1389 1419 1456 meminerit
1433 1381 1615 1456 verborum
1629 1389 1801 1478 quisquis,
1824 1403 1925 1448 amem

235 1540 302 1607 pro
316 1515 485 1594 eundem,
508 1507 571 1595 (cf.
584 1508 613 1588 §.
630 1503 677 1588 5.)
700 1527 786 1588 ease,
809 1515 841 1570 et
863 1513 952 1587 tute,
983 1504 1071 1590 quod
1092 1527 1156 1593 pro
1171 1517 1247 1572 tutu
1262 1505 1387 1572 dictum
1402 1505 1537 1571 videtur
1555 1506 1650 1572 esse?
1676 1504 1801 1570 Denuo
1816 1511 1926 1565 autem

236 1634 289 1704 rite
312 1644 348 1694 et
370 1621 464 1704 οὗτος.
480 1620 723 1714 pronominum
745 1619 815 1705 vis,
843 1619 1001 1706 asyllaba
1021 1619 1059 1687 in
1078 1617 1133 1688 ὅδί
1149 1634 1184 1688 et
1205 1620 1315 1691 οὗτοσί
1325 1622 1495 1711 apposita,
1517 1627 1613 1689 aucta
1628 1643 1667 1688 ac
1681 1617 1850 1686 cumulata
1867 1625 1926 1696 est,

238 1739 350 1834 neque
372 1754 487 1810 umen
508 1736 598 1829 apud
619 1736 814 1804 Homerum
835 1736 946 1821 neque
965 1736 1055 1824 apud
1069 1737 1287 1804 Herotlctum
1311 1761 1370 1805 eae
1391 1737 1541 1824 formae,
1563 1739 1622 1804 sed
1636 1737 1717 1804 inde
1733 1727 1869 1803 tantum
1886 1732 1927 1798 ab

236 1861 430 1933 Atticorum
452 1839 656 1947 scriptorum
674 1861 783 1920 aetate
802 1850 1038 1941 reperiunturc
1060 1853 1177 1942 tragici
1198 1866 1310 1922 autem
1335 1856 1453 1944 po‘e'tae
1475 1858 1515 1924 ab
1538 1854 1580 1921 iis
1601 1877 1670 1920 sese
1684 1852 1928 1921 abstinuerunt.

238 1974 420 2066 Quomodo
440 1952 556 2040 autem
576 1972 621 2040 sit
640 1969 841 2062 explicanda
861 1966 922 2036 illa
941 1969 1087 2058 syllaba,
1109 1973 1175 2042 hoc
1192 1984 1438 2041 commentator
1460 1971 1597 2061 quidam
1611 1969 1770 2058 Dionysii
1785 1966 1927 2035 Thracis

135 2121 139 2128 ·
233 2095 314 2164 scite
327 2091 485 2182 exposuit
499 2087 692 2158 inBekkeri
704 2087 836 2155 Anecd.
851 2108 884 2174 p.
900 2089 975 2168 916,
993 2092 1056 2175 11,
1078 2089 1137 2178 qui
1151 2089 1269 2156 tertiae
1283 2113 1447 2181 personae
1459 2112 1652 2181 pronomen
1668 2118 1691 2174 ι,
1711 2087 1752 2154 de
1768 2109 1835 2175 quo
1849 2086 1878 2166 §.
1894 2080 1926 2145 5·

186 2211 193 2218 ”
234 2213 382 2296 egimus,
411 2226 580 2292 nusquam
606 2204 674 2267 nisi
699 2203 737 2266 in
755 2201 880 2284 οὑτοσί,
912 2203 1048 2270 ἐκεινοσί
1070 2205 1214 2293 reperiri
1234 2221 1487 2274 commemorat.
1532 2207 1637 2293 quue
1656 2218 1694 2272 ut
1714 2226 1834 2272 verum
1856 2221 1927 2267 esse

235 2323 430 2406 credamus,
457 2319 592 2407 linguae
607 2314 787 2382 senscritae
802 2314 907 2383 efficit
925 2317 1114 2384 auctoritas.
1157 2319 1316 2403 Namque
1328 2318 1366 2382 in
1377 2319 1592 2404 Rip-Vatiae
1606 2321 1809 2408 specimine,
1831 2315 1928 2383 cuius

232 2447 262 2528 §.
280 2439 310 2508 6.
332 2438 462 2506 mentio
483 2448 532 2503 est
551 2431 655 2520 facta,
684 2431 886 2522 compluries
909 2431 964 2517 id,
987 2433 1076 2520 quod
1092 2432 1304 2521 pronominis
1324 2434 1440 2500 tertiae
1455 2456 1619 2524 personae
1634 2411 1794 2501 neutrum¹
1806 2445 1854 2499 est
1867 2455 1928 2520 ge·

231 2582 315 2642 nus,
337 2578 428 2647 pone
446 2574 638 2645 pronomen
657 2549 982 2632 demonstrativum,
1006 2570 1074 2638 quo
1095 2550 1149 2618 vis
1170 2550 1240 2616 eius
1253 2547 1449 2618 intendatur
1462 2564 1561 2640 atque
1577 2563 1755 2641 augeatur,
1777 2543 1927 2617 colloca-

232 2689 301 2742 tur.
345 2673 460 2759 Quare
473 2670 566 2738 idem
581 2669 619 2736 in
631 2668 748 2757 lingua
762 2687 879 2758 graeca
893 2665 1022 2735 factum
1037 2648 1107 2734 esse
1120 2666 1280 2734 credibile
1294 2679 1355 2734 est.
1393 2667 1471 2736 “Ode
1485 2679 1598 2735 autem
1617 2683 1650 2736 et
1664 2663 1755 2750 οὗτος
1769 2668 1814 2736 ita
1829 2664 1927 2733 diffe-

232 2801 335 2874 runt,
365 2800 403 2855 ut
423 2787 475 2855 ὅδε
498 2807 573 2854 rem
596 2797 829 2873 praesentem,
858 2784 1025 2872 adquam
1048 2783 1249 2853 intuendam
1272 2785 1360 2850 oculi
1385 2799 1419 2852 et
1441 2808 1537 2852 mens
1561 2757 1762 2871 advocatur,
1790 2783 1930 2868 indicet,

232 2901 323 2984 οὗτος
342 2901 415 2972 iere
433 2901 575 2970 eandem
594 2911 793 2994 potestatem
807 2900 946 2983 habeat,
968 2911 1102 2967 tautum
1115 2900 1267 2990 simplice
1279 2901 1486 2990 pronomine
1501 2903 1770 2972 demonstrativo
1789 2902 1840 2970 bis
1859 2923 1926 2992 po-

231 3026 317 3093 sito.¹
358 3019 423 3088 Sed
451 3040 557 3106 quum
586 3017 740 3084 locorum
761 3013 870 3084 multa
890 3014 960 3095 sint
979 3016 1175 3103 intervalla,
1204 3017 1377 3107 multaque
1396 3020 1521 3109 spatia,
1556 3022 1595 3088 in
1614 3021 1782 3112 plerisque
1801 3017 1925 3104 linguis

230 3142 332 3232 plura
351 3135 567 3223 reperiuntur
586 3134 814 3222 pronomina,
842 3131 963 3221 quibus
984 3135 1173 3204 accuratius
1188 3133 1375 3222 indicatur,
1400 3158 1468 3224 quo
1489 3127 1530 3205 iri
1549 3140 1624 3206 loco
1646 3165 1698 3208 res
1716 3139 1828 3226 aliqua
1841 3157 1924 3202 ver-

228 3267 341 3350 setur,
368 3241 484 3317 utrum
505 3272 545 3316 ea
565 3249 718 3336 loquenti
739 3249 881 3340 propior
901 3249 961 3335 sit,
991 3273 1036 3318 an
1058 3253 1099 3344 ab
1127 3275 1167 3318 eo
1186 3251 1361 3321 remotior.
1405 3252 1484 3319 Hoc
1506 3255 1641 3343 quidem
1663 3267 1764 3346 pacto
1786 3256 1823 3319 in
1844 3254 1921 3318 loco

231 3368 435 3460 dedignando
455 3365 582 3458 duplex
603 3364 711 3432 oritur
728 3363 827 3432 ratio.
871 3363 987 3449 Atque
1007 3366 1097 3453 apud
1117 3367 1265 3434 Graecos
1279 3367 1415 3456 quidem
1431 3371 1545 3438 locum
1558 3373 1708 3458 loquenti
1723 3369 1919 3460 proximum

120 3495 125 3500 ’
230 3490 283 3560 dds
297 3501 329 3557 et
343 3480 434 3562 οὗτος
449 3481 647 3572 significant.
669 3527 673 3538 ·
690 3479 808 3568 Itaque
824 3478 880 3564 fic,
902 3489 939 3546 ut
952 3491 1135 3570 utrumque
1148 3503 1339 3573 pronomen
1353 3507 1594 3574 saepenumero
1612 3489 1652 3556 ad
1674 3487 1821 3579 primam
1837 3505 1920 3574 per·

229 3629 348 3676 sonam
367 3599 537 3670 referatur
557 3609 657 3686 atque
678 3597 762 3666 adeo
783 3595 928 3693 primam
951 3619 1131 3688 personam
1157 3602 1264 3691 ipsam
1278 3599 1459 3690 significet,
1481 3604 1516 3670 id
1537 3604 1627 3693 quod
1648 3605 1798 3674 maxime
1817 3601 1853 3667 in
1866 3599 1917 3666 ὅδε

229 3742 420 3814 pronomen
435 3717 534 3785 cadit.
556 3717 610 3784 De
622 3716 687 3783 boc
700 3736 763 3782 usu
776 3715 900 3784 horum
912 3717 1155 3806 pronominum
1171 3740 1275 3806 quum
1284 3717 1483 3811 Sobaeierus
1497 3722 1534 3789 in
1547 3722 1782 3804 Meletematis,
1805 3742 1839 3809 p.
1851 3723 1916 3801 77,

231 3852 264 3908 et
278 3834 457 3906 Elmsleius
477 3834 519 3902 ad
533 3833 670 3902 Heracl
692 3837 761 3915 81.,
781 3845 815 3900 et
827 3833 1032 3902 Matthiaeus
1052 3835 1206 3904 Gramm.
1227 3857 1276 3925 gr.
1301 3839 1329 3922 §.
1342 3838 1415 3906 470.
1437 3839 1552 3908 multis
1573 3850 1819 3933 exposuerunt,
1841 3847 1916 3901 tum

228 3953 374 4048 eundem
395 3949 507 4015 multis
525 3949 725 4016 testimoniis
744 3951 980 4042 comprobavit
999 3963 1034 4019 et
1047 3952 1253 4050 multimodis
1269 3954 1453 4043 illustravit
1466 3955 1706 4046 Bernhardyus
1720 3955 1757 4030 in
1776 3976 1914 4042 graecae

225 4075 360 4161 linguae
373 4062 538 4156 syntaxi,
559 4087 594 4156 p.
608 4067 682 4132 278.
693 4081 763 4150 sqq.
801 4065 853 4132 Eo
868 4080 993 4150 autern,
1014 4089 1133 4155 queea
1148 4070 1305 4154 loquente
1319 4083 1398 4143 suut
1410 4085 1559 4158 remota,
1575 4065 1678 4162 'eique
1691 4073 1786 4164 quasi
1801 4093 1912 4162 oppo-

227 4191 306 4267 sita,
327 4209 389 4276 per
402 4183 528 4259 ἐκεῖνος·
539 4179 767 4252 enuntiantur.
809 4180 927 4271 Atque
948 4186 1118 4270 quomodo
1133 4179 1223 4264 uiroc
1237 4187 1279 4254 ed
1292 4185 1346 4272 id,
1369 4187 1458 4275 quod
1472 4187 1575 4256 modo
1588 4189 1776 4280 praecedit,
1798 4191 1912 4262 aanor

225 4302 269 4374 ad
287 4301 452 4386 alterum,
477 4298 569 4392 quod
592 4308 643 4382 eat
660 4297 842 4390 remotius,
871 4297 1064 4391 referatur,¹
1081 4302 1117 4375 id
1140 4303 1253 4380 multis
1273 4314 1385 4395 potest
1404 4309 1618 4398 comprobari
1639 4303 1815 4398 exemplis·
1842 4299 1912 4380 ,θῶ
