3966 5076
275 375 417 470 quaein
442 398 483 444 eo
505 367 680 454 versatur,
709 366 769 459 qui
787 363 979 458 pronomen
1003 358 1309 432 demonstrativum
1327 361 1426 432 etism
1446 361 1681 455 indefinitum,
1702 369 1793 459 quod
1809 383 1925 442 vorata

273 473 466 586 pronomen
484 489 675 580 siguificare
695 484 869 576 potuerit..
897 484 989 552 Nam
1008 481 1111 571 plano
1131 479 1421 569 contrariaatque
1443 481 1531 570 inter
1550 507 1587 552 se
1609 486 1765 576 opposita
1787 489 1925 558 credide]

152 615 162 624 “
201 681 204 686 ,
273 614 359 681 haec
374 635 444 680 esse
462 602 686 701 pronomina,
709 623 815 689 quum
834 599 1048 667 indefinitum
1062 619 1117 666 res
1131 597 1297 684 incertas,
1320 597 1497 666 definitum
1515 623 1570 668 res
1586 614 1693 670 certas
1708 604 1857 674 indicare
1873 605 1926 708 dic

272 739 340 798 tur.
383 727 449 796 Sed
470 724 500 790 si
518 719 731 812 pronominis
752 713 921 786 indefiniti
940 715 1118 785 notionem
1144 726 1299 785 accurate
1315 715 1480 804 expendis
1496 729 1530 784 et
1548 718 1739 806 examinas,
1762 723 1820 789 illo
1834 747 1926 814 pron

272 844 366 914 mine
384 840 514 908 videbis
537 835 685 928 exprimi
698 858 769 902 non
781 833 884 923 plane
901 833 1063 918 incertas,
1085 832 1144 901 sed
1161 833 1233 901 eius
1245 831 1422 919 modires,
1447 853 1532 920 qnae
1550 859 1569 901 e
1585 848 1695 904 cetera
1706 839 1889 906 earundem
1905 863 1926 906 r

272 982 352 1029 rum
379 953 466 1026 'serie
489 979 529 1025 ao
550 973 692 1023 numero
722 963 895 1035 exemtae,
924 950 1077 1040 singulae
1094 949 1203 1018 menti
1228 962 1361 1018 nostrae
1385 951 1619 1019 obversentur.
1662 955 1752 1020 Nam
1774 953 1803 1020 si
1822 955 1927 1022 dicimo

272 1076 367 1164 yvon*
388 1100 466 1160 τις,
488 1074 567 1140 haec
583 1067 733 1136 mulieris
748 1067 844 1134 notio
858 1091 928 1133 non
943 1068 1044 1157 plane
1057 1090 1144 1157 vaga
1157 1061 1256 1157 atque
1270 1067 1399 1135 incerta
1413 1079 1471 1153 est,
1496 1067 1656 1153 sedeam,
1674 1091 1864 1159 quanquam
1873 1086 1927 1160 cen

270 1214 407 1277 rarum,
429 1190 549 1279 quibus
564 1185 704 1275 insignis
720 1196 781 1271 est,
802 1195 961 1251 notarum
976 1183 1224 1272 significatione
1238 1185 1441 1269 destitutam,
1464 1196 1578 1284 tamen
1593 1195 1718 1260 certam
1734 1211 1822 1274 esse,
1844 1202 1878 1257 et
1890 1190 1927 1256 sit

173 1388 179 1400 Ι
271 1311 422 1398 gularem
445 1307 560 1376 animo
584 1314 782 1404 conceptam
800 1312 835 1365 et
856 1300 897 1366 ab
914 1300 985 1366 aliis
1010 1299 1158 1366 eiusdem
1175 1301 1306 1390 generis
1318 1301 1417 1369 rebus
1428 1294 1591 1368 secretam
1607 1300 1823 1392 profitemur.
1866 1306 1928 1372 Ide

270 1425 346 1492 fere
358 1425 398 1492 fit
414 1422 619 1516 pronomine
634 1415 911 1499 demonstrativo,
935 1415 1028 1480 cuius
1043 1415 1330 1485 demonstratione
1344 1416 1426 1512 item
1441 1437 1493 1483 res
1506 1417 1667 1503 singulae,
1690 1431 1831 1502 ece-tero
1846 1443 1928 1488 reru}

268 1541 391 1607 ordine
419 1547 597 1627 exceptae,
633 1533 737 1600 oculis
764 1532 885 1599 nostris
914 1532 1147 1601 subiiciuntnr.
1198 1535 1367 1621 Quocirca
1394 1533 1422 1598 si
1449 1553 1639 1622 pronomen
1660 1534 1928 1605 demonstrativa

269 1653 491 1724 adhibebatur
509 1653 551 1719 ad
573 1673 626 1718 res
642 1671 747 1715 manu
769 1647 1007 1729 ostendendas,
1028 1649 1118 1716 idem
1142 1649 1243 1718 facile
1257 1652 1298 1720 ad
1313 1661 1462 1718 mentem
1479 1661 1579 1735 atque
1594 1649 1831 1736 cogitationem
1847 1663 1928 1722 trani

268 1769 353 1838 ferri
377 1769 488 1858 potuit
512 1781 612 1856 atque
638 1764 851 1856 pronominis
878 1762 1044 1832 indefiniti
1072 1766 1353 1854 significationem
1377 1767 1538 1859 accipere.
1592 1765 1765 1852 Quoniam
1788 1771 1929 1838 antemi

262 1887 470 1978 pronomine
488 1881 666 1952 indefinito
686 1881 801 1950 minor
822 1893 871 1949 est
889 1881 1139 1952 demonstrandi
1155 1884 1207 1952 vis
1220 1897 1322 1973 atque
1334 1896 1497 1974 potestas,
1518 1882 1558 1952 id·
1569 1883 1774 1952 vocabulum
1789 1888 1929 1974 poneal:

264 2004 468 2096 plerumque
487 2001 627 2093 ponitur
640 2011 673 2070 et
688 2000 822 2066 minore
836 2008 1001 2067 accentus.
1011 2001 1045 2066 vi
1061 2002 1271 2074 enuntiatur·
1316 2003 1474 2090 Denique
1488 1997 1759 2086 interrogationis
1774 2023 1907 2090 quoque
1921 2003 1929 2068 i

265 2146 366 2191 nsum
387 2122 478 2190 idem
500 2115 927 2206 pronomenindelinitum
949 2117 1137 2185 adhibitum
1153 2130 1212 2184 est.
1258 2118 1361 2204 Quod
1376 2121 1440 2186 hoo
1455 2115 1700 2187 modofaotam
1714 2139 1784 2185 esse
1801 2115 1930 2190 arbitro¹

158 2225 161 2232 ⁴
265 2236 374 2302 Primi
394 2234 450 2298 isti
470 2232 642 2314 homines,
666 2229 766 2294 rudes
786 2228 823 2292 in
843 2229 984 2296 dicendo
1007 2243 1041 2296 et
1061 2227 1196 2315 inculti,
1218 2252 1324 2316 quum
1346 2235 1474 2317 vellent
1487 2257 1530 2299 ex
1543 2232 1608 2298 alio
1626 2232 1707 2316 quid
1724 2255 1902 2321 quaerere,
1922 2237 1930 2302 i

267 2362 441 2416 nontam.
454 2345 619 2435 singulari
638 2344 823 2426 vocabulo,
845 2342 904 2410 sed
923 2355 1019 2431 gestu
1031 2345 1144 2433 potius
1166 2356 1200 2410 et
1219 2367 1305 2412 sono
1318 2344 1601 2439 vocis-faciebant.
1647 2346 1821 2432 Quoniam
1841 2363 1930 2420 auter

265 2467 304 2534 in
319 2463 511 2554 quaerendo
533 2461 747 2552 pronominis
763 2460 948 2544 indefiniti,
970 2483 1038 2548 quo
1055 2484 1111 2528 res
1129 2460 1293 2548 quaedam
1314 2460 1420 2530 menti
1438 2460 1638 2548 obversans,
1660 2484 1733 2530 non
1754 2464 1858 2532 oculis
1873 2469 1931 2535 sub

265 2586 352 2652 iacta
372 2577 596 2670 significatur,
618 2579 778 2670 frequens
799 2591 875 2645 erat
893 2599 991 2661 usus,
1013 2577 1187 2667 paullatim
1204 2576 1415 2663 factumest,
1442 2591 1482 2646 ut
1493 2577 1558 2646 hoo
1570 2601 1765 2669 pronomen
1772 2583 1931 2670 pronomi

264 2699 318 2767 nis
337 2696 573 2784 interrogativi
589 2709 704 2785 partes
715 2695 907 2785 susciperet.
954 2695 1070 2784 Quare
1087 2694 1111 2760 ii
1130 2695 1213 2762 mihi
1229 2695 1267 2762 in
1281 2715 1403 2782 magno
1419 2695 1578 2765 videntur
1589 2693 1706 2788 etrorp
1723 2698 1868 2782 versari,
1891 2721 1931 2787 qu

264 2819 334 2884 iam
356 2813 538 2902 antiquitus
560 2797 742 2901 singularia
764 2810 1233 2904 interrogativapronomina
1255 2811 1472 2901 eiusdemque
1491 2813 1624 2900 generis
1648 2812 1931 2906 particularitas

266 2936 459 3020 opinentur.
577 2975 579 2982 ,

369 3046 403 3126 5)
421 3047 499 3113 Hae
516 3048 620 3136 igitur
640 3050 793 3120 notiones
816 3073 933 3120 omnes
959 3049 1141 3139 antiquitus
1160 3075 1231 3120 uno
1252 3033 1455 3142 pronomine
1470 3049 1735 3130 demonstrativo
1748 3051 1930 3140 significata

256 3175 361 3248 ¹sunt,
382 3184 484 3245 voce,
504 3185 587 3231 sono
604 3179 711 3254 atque
733 3183 827 3256 gestu
846 3168 1043 3258 adiuvante,
1067 3183 1100 3237 et
1120 3170 1155 3236 in
1170 3191 1352 3254 quemnam
1367 3167 1508 3234 modum
1521 3190 1712 3264 pronomen
1725 3183 1809 3241 essm
1820 3170 1930 3238 intelli

263 3283 423 3372 gendum,
448 3278 650 3347 declarante.
692 3283 935 3358 Verumtamen
950 3285 1092 3372 pristina
1106 3286 1163 3351 illa
1176 3285 1213 3351 in
1226 3286 1368 3352 dicendo
1382 3282 1478 3373 quasi
1490 3267 1824 3372 infantiapatdlatim
1838 3286 1888 3355 ita
1898 3312 1931 3355 ea

261 3410 438 3490 superata,
467 3407 507 3462 ut
527 3395 673 3463 radicem
697 3398 909 3486 pronominis
935 3398 1191 3466 demonstrativi
1214 3423 1271 3480 eo,
1307 3423 1375 3488 quo
1394 3391 1562 3481 vidimus,
1590 3398 1693 3464 modo
1713 3397 1931 3468 immutarent

261 3517 370 3585 varias
397 3515 468 3582 eius
496 3511 622 3580 formas
651 3514 895 3600 distinguerent
924 3525 957 3582 et
984 3537 1046 3582 sua
1064 3501 1330 3604 unumquodque
1351 3536 1542 3604 pronomen
1565 3535 1648 3612 voce
1669 3495 1836 3584 efferrent
1880 3517 1931 3583 Set

262 3635 461 3716 quibusnam
483 3630 697 3719 potissimum
721 3629 840 3698 formis
863 3633 906 3697 ad
930 3632 1059 3719 singula
1078 3627 1291 3721 pronominis
1312 3627 1568 3696 demonstrativi
1589 3648 1713 3716 genera
1728 3609 1931 3716 significanda

262 3745 313 3811 uti
337 3731 481 3828 vellent,
519 3747 553 3812 id
585 3772 689 3837 penes
719 3749 931 3838 singulorum
961 3747 1170 3838 populorum
1197 3746 1376 3813 arbitrium
1399 3757 1481 3811 erat.
1532 3745 1654 3828 Itaque
1677 3744 1763 3810 aliae
1793 3745 1931 3816 natione.

263 3860 344 3928 alias
365 3857 489 3925 formas
512 3863 735 3932 adsciverunt.
781 3865 859 3933 Indi
880 3865 973 3933 enim
993 3863 1121 3948 forma,
1153 3860 1215 3944 ak
1238 3861 1436 3951 incipiente,
1465 3863 1655 3952 pronomen
1675 3858 1889 3958 indefinitum
1913 3891 1930 3934 e

260 3973 539 4061 interrogativum
560 3977 807 4065 significarunt,
836 3982 930 4069 (nam
952 3979 1029 4064 kas,
1060 3977 1120 4064 ko,
1144 3972 1391 4070 kim'primitus
1409 3958 1841 4070 pronomen'indelinitum
1860 3978 1926 4048 fuit

236 4107 366 4195 ,post,·
379 4113 483 4189 quum
507 4093 589 4156 haec
607 4091 719 4158 forma
739 4095 972 4182 interrogativi
994 4097 1205 4184 pronominis
1228 4109 1383 4162 naturam
1405 4093 1587 4174 induisset,
1618 4077 1792 4178 indefinito
1811 4117 1932 4184 prono·

260 4209 362 4289 mini,
385 4219 422 4273 ut
437 4207 477 4273 ab
494 4207 736 4296 interrogativo
752 4208 1030 4298 distingueretur,
1053 4215 1088 4279 et*
1098 4235 1192 4278 suam
1206 4233 1427 4298 unaquaeque
1440 4206 1683 4300 pronominum
1698 4210 1824 4300 species
1838 4211 1931 4301 lrabe-

260 4335 314 4391 ret
333 4319 496 4409 formam,
520 4321 629 4390 tsclrid
649 4335 682 4391 et
703 4323 844 4392 trellano
860 4324 1042 4416 particulae
1058 4327 1188 4396 additae
1202 4325 1307 4416 s‘unt,)
1328 4327 1439 4398 forma
1451 4319 1516 4396 alia
1531 4311 1854 4410 demonstrativum,
1876 4323 1931 4392 alit

1508 4441 1647 4512 Ea,
