3966 5076
156 314 160 322 ’
261 361 346 438 ts
366 355 418 436 ιι
450 354 716 446 flectionis·
1206 357 1279 436 111.
1306 361 1575 444 nectarius

779 518 823 592 Ρ
844 519 859 588 l
880 542 906 589 u
926 544 946 590 r
967 546 990 592 o
1011 523 1027 592 l
1048 527 1107 592 is.

299 682 407 732 muso,
496 657 586 749 fem·
732 665 843 722 neutr.
1060 682 1166 727 muse.
1219 709 1223 715 ι

89 785 191 854 Νοιιι.
298 780 358 867 qui
489 794 574 860 quas
689 769 805 860 (quae)
825 794 890 860 qua
1028 799 1109 864 ques

258 893 261 903 '
296 897 335 963 hi
489 889 555 954 hae
691 886 802 977 (haec)
1086 929 1130 942 -
1204 971 1207 977 Δ

89 1013 177 1082 Gen.
296 1027 441 1096 quorum
486 1025 628 1091 quarum
689 1026 835 1091 quorum
1085 1047 1130 1062 ..

298 1124 423 1189 horum
489 1121 611 1188 harum
646 1121 809 1189 'horum
1086 1156 1131 1180 ι·-

87 1245 164 1312 Dat.
300 1239 413 1326 queis,
433 1238 566 1326 generis
580 1227 705 1306 omnis¹
819 1291 828 1308 .
1025 1241 1162 1330 quibus,
1190 1244 1321 1332 generis
1347 1246 1468 1314 omnis.

88 1373 122 1426 et
143 1356 256 1423 Ablat·
299 1355 352 1422 his
460 1390 505 1404 -
609 1393 654 1409 -
978 1434 984 1446 ,
1023 1361 1141 1445 bibus,
1166 1364 1298 1449 generis
1324 1365 1437 1433 omnis

88 1477 210 1541 Aucus.
297 1493 383 1561 quoa
488 1494 569 1560 quas
682 1468 798 1561 (quae)
822 1496 889 1562 qua
1025 1497 1106 1562 ques
1240 1489 1245 1497 “
1387 1519 1433 1535 ..
1641 1484 1719 1571 quja

297 1590 359 1658 hoa
494 1589 553 1656 has
690 1586 801 1677 (haec)

195 1778 233 1863 l)
254 1775 373 1868 Itaque
390 1799 494 1866 quum
510 1800 600 1847 ame
612 1777 656 1846 sit
670 1777 874 1870 expositum,
895 1777 1041 1866 diversaj
1063 1799 1148 1868 quae
1160 1798 1473 1854 commemorentur
1489 1797 1523 1853 et
1533 1781 1623 1874 apud
1633 1788 1780 1856 Graecos

90 1911 126 1966 et
143 1896 232 1988 apud
246 1893 390 1962 Latinos
406 1894 612 1984 pronomina
630 1893 912 1980 demonstrativa,
943 1921 987 1965 ex
1001 1921 1070 1967 una
1086 1899 1199 1968 radice
1214 1913 1288 1970 orta
1301 1925 1390 1987 esse,
1413 1913 1582 1992 superest,
1604 1911 1642 1965 ιιι
1656 1901 1781 1968 horum
1843 1973 1848 1978 ,

89 2015 301 2102 singulorum
315 2012 557 2099 pronominum
570 2010 832 2098 significationes
847 2034 926 2079 cum
943 2013 1063 2080 radicis
1078 2015 1190 2103 prime
1200 2017 1341 2083 notione
1354 2039 1540 2104 congruere
1555 2013 1781 2082 ostendamus.

91 2132 184 2198 Nam
200 2150 285 2218 quae
299 2128 403 2196 verba
416 2149 484 2196 uua
497 2151 543 2196 ex
556 2127 669 2194 radice
683 2141 763 2199 nata
777 2153 848 2197 esse
864 2128 1032 2213 dicuntur,
1053 2152 1173 2198 eorum
1186 2131 1450 2220 significationes
1464 2133 1545 2200 tales
1561 2155 1631 2200 esse
1646 2131 1780 2216 debent,

90 2260 129 2316 ut
152 2272 196 2316 ex
215 2268 284 2315 una
304 2245 450 2332 quadam
474 2244 647 2313 communi
667 2246 826 2335 notione,
848 2258 1007 2335 tanquam
1024 2247 1178 2338 estirpe,
1199 2245 1367 2340 proficisci
1381 2251 1517 2340 possint.
1562 2251 1676 2337 Quare
1691 2269 1781 2316 enu-

91 2367 269 2434 cleandum
291 2374 394 2452 atque
416 2363 658 2454 exponendum
677 2377 742 2450 est,
764 2364 934 2454 quomodo
953 2387 1022 2432 una
1041 2368 1254 2455 pronominis
1269 2368 1525 2437 demonstrativi
1538 2368 1632 2436 notio
1644 2367 1781 2458 paulla-

90 2485 153 2553 tim
167 2478 371 2574 amplificata
384 2493 417 2550 et
431 2481 566 2550 dilatata
576 2481 637 2567 dt,
657 2493 690 2551 et
705 2481 829 2564 varias,
850 2503 932 2570 quas
946 2481 1058 2569 habet,
1080 2481 1340 2584 significationes
1353 2483 1527 2573 acceperit.
1569 2486 1683 2570 Atque
1695 2479 1781 2550 illud

91 2602 228 2692 quidem
248 2599 325 2666 luce
346 2597 468 2664 clarius
481 2609 547 2683 est,
569 2599 680 2686 ipsum
696 2598 947 2665 demonstrandi
960 2598 1030 2666 vim
1046 2598 1193 2687 primam
1209 2611 1242 2666 et
1254 2599 1429 2690 propriam
1448 2599 1555 2666 nostri
1568 2599 1782 2690 pronominis

92 2743 163 2786 esse
184 2711 473 2805 significationem.
516 2710 620 2798 Quod
638 2713 729 2780 enim
745 2713 950 2780 vocabulum
970 2712 1091 2804 primis
1104 2715 1314 2802 hominibus,
1336 2719 1394 2805 qui
1406 2715 1536 2806 linguas
1552 2718 1782 2799 inveniebant,

91 2833 199 2918 magis
222 2825 447 2895 necessarium
468 2837 558 2910 erat,
581 2849 682 2916 quam
706 2827 885 2896 eiusmodi
903 2814 1120 2919 pronomenp
1137 2854 1205 2920 quo
1219 2856 1291 2918 res,
1314 2855 1458 2921 quarum
1476 2837 1617 2903 nomina
1629 2831 1781 2909 nondum

90 2947 276 3031 habebant,
306 2941 521 3011 ostenderent
549 2943 724 3036 digitisque
748 2947 999 3018 monstrarent?
1030 2948 1094 3016 -Ac
1116 2934 1269 3038 primum
1299 2951 1469 3036 quomodo
1496 2947 1624 3014 factum
1649 2945 1710 3030 sit,
1748 2955 1787 3012 ιιι
1845 2933 1851 2950 ’

91 3085 282 3157 pronomen
304 3059 607 3131 demonstrativum
626 3063 760 3132 relativi
782 3065 819 3131 in
838 3073 938 3132 usum
960 3064 1211 3147 converterint,
1234 3087 1306 3131 non
1327 3061 1469 3130 difficile
1485 3075 1535 3130 est
1552 3062 1652 3128 dictu.
1693 3063 1785 3129 Nam

92 3180 274 3249 relativum
304 3198 439 3266 quoque
464 3202 657 3270 pronomen
684 3181 936 3251 demonstrandi
962 3182 1063 3250 babet
1083 3179 1175 3263 vim,
1199 3178 1378 3268 quoniam,
1401 3178 1506 3247 si-bic
1527 3157 1643 3264 Ιιοιηο,
1666 3177 1726 3268 qui
1740 3175 1785 3244 cle

94 3297 188 3368 nobis
203 3307 449 3387 percunctatur
472 3309 539 3384 est,
570 3298 728 3388 dicimus,
760 3299 820 3388 qui
840 3299 944 3366 verbo
967 3299 1011 3366 ad
1031 3319 1156 3367 novam
1179 3297 1347 3384 quandam
1370 3297 1440 3365 eius
1461 3295 1627 3381 hominis,
1656 3295 1697 3363 de
1716 3317 1783 3384 quc

91 3417 282 3506 loquimur,
304 3413 546 3505 proprietatem
569 3416 702 3496 animus
724 3415 922 3498 attenditur,
946 3437 1054 3502 eaque
1068 3412 1331 3481 demonstratur.
1375 3415 1461 3482 Eam
1475 3400 1785 3481 cum'antecedente

61 3614 69 3632 Ι
92 3533 240 3621 quadam
259 3529 398 3597 notione
419 3531 643 3621 copulandam
662 3555 749 3613 esse,
781 3533 815 3598 id
834 3532 1034 3622 plerumque
1056 3553 1102 3598 ex
1123 3540 1233 3616 cetera
1251 3531 1403 3599 oratione
1424 3532 1477 3598 ita·
1493 3545 1543 3598 est
1555 3529 1786 3619 perspicuum

93 3662 133 3718 ut
155 3648 226 3716 eius
249 3643 300 3713 rei
313 3646 514 3734 significatio
536 3650 637 3736 plane
661 3646 771 3714 omitti
783 3647 897 3738 possit
940 3647 1057 3734 ltaque
1079 3668 1196 3716 omnes
1216 3647 1355 3738 populi,
1377 3647 1419 3713 de
1434 3667 1578 3735 quorum
1595 3645 1716 3732 linguis
1728 3647 1784 3714 hic

93 3769 219 3856 agitur,
254 3763 295 3832 ad
318 3785 510 3854 pronomen
536 3764 717 3832 relativum
743 3763 1005 3858 exprimendum
1031 3761 1289 3844 demonstrativi
1307 3763 1457 3832 radicem
1478 3761 1718 3849 adhibuerunt,
1748 3776 1783 3830 et

62 3949 65 3954 .
92 3886 131 3949 in
151 3879 323 3950 nonnullis
349 3878 471 3968 linguis
495 3903 539 3947 ne
561 3903 602 3947 eo
626 3880 761 3968 quidem
790 3892 961 3970 tempore,
990 3903 1056 3969 quo
1077 3880 1120 3948 ab
1143 3880 1217 3948 aliis
1236 3881 1372 3970 populis
1391 3878 1522 3966 singula
1542 3879 1785 3966 pronominum

93 4021 215 4088 genera
239 3997 380 4064 diversis
401 3995 520 4065 formis
541 3997 832 4080 discernebantur,
861 3996 1007 4066 relativo
1028 3993 1141 4063 forme
1163 3996 1229 4063 alia
1248 4009 1349 4084 atque
1369 3975 1631 4062 demonstrativo
1652 4017 1783 4084 prouc-

94 4114 180 4184 mini
194 4126 244 4180 est
257 4111 374 4182 indita.
404 4111 594 4184 Germanos
608 4113 744 4203 quidem
756 4112 944 4199 derMann,
965 4111 1041 4178 der
1054 4109 1147 4200 diess
1157 4112 1288 4202 gethan
1300 4113 1374 4197 leat,
1396 4113 1507 4181 dicere
1515 4122 1655 4194 constat,
1674 4132 1784 4197 neque

94 4230 184 4321 apud
199 4229 347 4298 Graecos
366 4229 547 4317 antiquitus
567 4230 703 4299 relativi
723 4243 757 4297 et
774 4228 1031 4298 demonstrativi
1052 4229 1264 4319 pronominis
1284 4230 1412 4298 formas
1432 4230 1581 4296 diversas
1595 4225 1717 4310 fuisse,
1741 4249 1785 4294 ex

94 4347 242 4429 Homeri
266 4344 470 4434 carminibus
491 4346 570 4432 satis
590 4347 729 4440 intelligi
754 4348 840 4420 licet.
894 4346 1015 4420 Altera
1038 4358 1151 4430 autem
1178 4347 1325 4437 quaestio
1349 4345 1522 4432 difficilior
1537 4341 1678 4429 videtur
1702 4365 1788 4430 esse,
