3966 5076
882 413 916 495 ι.
948 403 988 478 8.

268 554 327 614 nr
356 551 649 622 rnouonnvrs
678 517 1066 606 onnonsrnarrvr
1098 541 1319 604 ιιιιιιιινι
1352 514 1659 612 run'rrnvrri
1681 537 1696 580 ·“

451 647 504 674 ‘-
601 631 1276 756 arruranuoelrrvrunmtn.
1665 654 1669 663 =

206 797 241 876 1)
206 792 335 859 llam
355 791 397 857 ad
416 792 450 857 id
468 789 712 856 vocabulorum
731 809 855 876 genus,
880 807 966 873 quae
985 806 1122 852 omnes
1116 763 1327 875 grammatici.
1337 787 1372 854 in
1385 766 1638 884 pronominum
1643 763 1786 862 numere

98 909 288 975 habuerunt
299 921 343 974 et
363 903 566 994 pronomina
584 903 851 972 demonstrativa
873 914 1101 982 vocaverunt,
1124 903 1311 988 transgredi
1332 885 1433 973 lubet
1477 909 1528 976 Ea
1550 922 1664 976 autem
1685 901 1786 998 plane

99 1007 165 1092 alio
185 1021 305 1106 ¹modo,
327 1031 428 1104 atque
450 1019 655 1108 pronomina
680 1007 889 1108 personalia,
912 1039 994 1104 quas
1016 1041 1070 1083 res
1093 1018 1234 1104 intelligi
1255 1017 1379 1107 velint,
1411 1021 1591 1092 declarant.
1631 1028 1728 1093 ‘Nam
1750 1026 1787 1092 in

98 1137 357 1230 pronominibus
380 1133 612 1232 personalibus
632 1135 845 1224 loquentium
865 1146 999 1202 tantum
1021 1146 1053 1200 et
1073 1133 1283 1201 audientium
1306 1147 1338 1202 et
1361 1159 1499 1222 eorum,
1527 1163 1611 1226 quae
1634 1153 1667 1207 et
1690 1166 1711 1208 a
1731 1142 1787 1208 lo·

99 1267 224 1343 quante
248 1265 282 1318 et
304 1251 345 1315 ab
367 1249 522 1318 audiente
551 1262 630 1319 sunt
658 1252 823 1319 disiuncta
840 1263 875 1317 et
896 1250 988 1338 quasi
1009 1251 1051 1317 iis
1074 1251 1243 1340 opposita,
1261 1247 1359 1320 ratio
1385 1253 1548 1344 habetur3
1577 1259 1788 1368 pronomina

96 1383 206 1436 autem
227 1368 491 1486 demonstrativa
510 1367 577 1437 loci
597 1367 771 1460 notionem
788 1367 831 1436 ad
843 1390 898 1434 res
913 1367 1145 1456 significandas
1160 1367 1329 1439 adhibent·

199 1475 378 1582 Nimirum
392 1514 452 1584 illa
470 1515 700 1610 demonstrant
712 1509 878 1601 locum,
868 1540 905 1582 ιιι
920 1537 988 1602 quo
1003 1539 1056 1582 res
1069 1517 1231 1603 quaedam
1246 1531 1410 1606 versetur,
1433 1532 1467 1588 et
1481 1545 1555 1589 eam
1569 1526 1664 1611 quasi
1681 1549 1788 1594 manu

95 1645 252 1724 porrecta
275 1632 480 1720 digitoque
469 1646 599 1703 intento
621 1603 820 1717 ostendunt,
848 1631 885 1698 id
906 1625 998 1718 quod
1020 1631 1156 1697 adrem
1178 1633 1326 1720 aliquam
1349 1649 1505 1704 accurate
1521 1640 1784 1727 cognoscendam

96 1748 283 1840 plurimum
305 1751 406 1818 valet.
451 1749 548 1838 Quae
569 1750 659 1818 enirn
678 1749 806 1816 notatio
817 1748 879 1816 ‘rei
903 1746 1005 1814 alic'ui
1024 1746 1265 1835 'intelligendae
1286 1761 1357 1818 tam
1374 1749 1532 1838 inservit3
1563 1776 1664 1840 quam
1679 1758 1709 1825 si
1720 1757 1787 1847 ipsi
1861 1755 1869 1764 '

97 1887 172 1934 eam
193 1865 298 1934 oculis
312 1867 430 1933 videre
447 1879 482 1933 et
496 1867 710 1933 considerare
723 1865 928 1956 possumus?
948 1865 1055 1933 Recte
1068 1877 1178 1932 autem
1192 1865 1368 1934 illa-verbs
1381 1880 1546 1936 vocantur
1557 1873 1786 1956 pronominc3

96 2005 179 2051 nam
202 1981 261 2067 qui
284 1980 358 2064 tio,
387 1982 466 2070 iste,
497 1981 558 2048 ille
580 1980 679 2067 dicit,
705 1981 829 2070 elficit,
859 1996 899 2050 ut
919 1973 1036 2050 oculos
1055 1981 1194 2071 quidem
1211 1982 1250 2047 in
1269 2003 1344 2047 rem
1365 1985 1514 2067 aliquam
1535 1995 1787 2070 convertamus,

96 2113 130 2165 et
149 2117 253 2182 quae,
276 2097 450 2188 qualisque
473 2098 516 2167 sit
539 2098 619 2183 ista,
642 2099 903 2190 perspiciamns3
923 2100 981 2166 sed
997 2111 1112 2188 tamen
1131 2099 1290 2164 nonbem
1305 2097 1413 2187 ipsam
1427 2095 1613 2184 significat,
1636 2099 1693 2166 aed
1702 2121 1802 2190 pro

2 2220 3 2226 ’
94 2213 166 2280 eius
187 2213 357 2281 nomine
377 2226 411 2282 et
418 2239 488 2306 pro¹
501 2193 648 2308 singulis
668 2216 720 2284 rei
733 2216 871 2284 indiciis
884 2217 925 2284 iis
939 2215 1064 2300 verbis,
1088 2237 1172 2303 quae
1184 2215 1310 2299 locum,
1334 2212 1454 2301 inquo
1469 2233 1523 2280 res
1536 2227 1701 2302 versetur,
1714 2232 1718 2242 “
1729 2216 1787 2283 in·

96 2327 223 2415 dicant,
243 2330 360 2399 utitur.
403 2333 455 2401 Ea
469 2345 584 2402 autem
606 2335 812 2425 pronomina
831 2335 934 2402 modo
960 2333 1220 2417 adiectivorum,
1241 2332 1348 2400 modo
1363 2331 1649 2401 substantivorum
1664 2315 1799 2403 habent

57 2476 61 2491 ·
95 2458 268 2518 naturam.
309 2426 400 2518 Nam
412 2449 441 2517 si
457 2450 531 2538 bic,
550 2451 632 2519 boec
648 2453 805 2546 dicimus,
827 2466 860 2521 et
872 2458 1003 2535 virum,
1024 2441 1203 2527 mulierem
1214 2472 1243 2536 ιιΙ
1254 2449 1350 2517 nobis
1366 2448 1508 2536 intelligi
1521 2472 1640 2517 manus
1655 2449 1788 2536 signifi·

95 2543 226 2636 catione
252 2567 454 2666 prodimus,
480 2571 546 2638 hoc
566 2589 759 2660 pronomen
786 2565 987 2638 substantivi
1013 2581 1127 2658 partes
1152 2566 1292 2657 accipit3
1324 2565 1354 2632 si
1375 2564 1431 2629 bic
1456 2564 1526 2650 vir,
1555 2563 1640 2630 laceo
1659 2564 1786 2649 mulier

41 2687 46 2702 '
98 2683 257 2767 dicimus,
289 2689 399 2772 quum
411 2671 539 2752 nomen
558 2687 601 2750 sit
622 2668 793 2774 additum,
817 2686 907 2752 idem
930 2707 1123 2773 pronomen
1144 2682 1302 2751 adiectivi
1318 2682 1391 2750 vim
1407 2681 1517 2749 habet.
1558 2681 1644 2749 Loci
1659 2691 1786 2771 autem,

96 2799 135 2865 in
161 2800 281 2884 quibus
309 2823 363 2866 res
385 2801 497 2887 aliqua
523 2799 629 2888 possit
651 2817 751 2889 essc,·
775 2825 881 2893 quum
909 2802 998 2872 varii
1024 2802 1109 2889 sint,
1139 2793 1184 2870 ad
1206 2799 1367 2869 orationis
1389 2785 1659 2892 perspicuitatem
1684 2801 1786 2884 plura

98 2913 169 2980 eius
190 2911 284 2981 modi
305 2917 469 2984 vocabula
492 2916 758 2988 demonstrativa
779 2922 962 3011 pleraeque
981 2922 1114 3010 liuguae
1134 2919 1278 3005 habent,
1302 2939 1448 3003 quornm
1462 2933 1623 2979 numerus
1637 2907 1784 2979 multum

99 3029 198 3098 etiam
218 3055 258 3100 eo
277 3011 393 3100 auctus
413 3046 480 3121 est,
502 3035 593 3122 quod
616 3036 730 3104 varios
749 3037 788 3104 in
807 3061 887 3104 usus
908 3058 1101 3127 pronomen
1115 3032 1419 3101 demonstrativum
1435 3039 1683 3096 converterunt.
1727 3030 1785 3096 ld-

99 3167 165 3232 que
191 3147 344 3237 profecto
374 3151 612 3241 antiquissimis
648 3152 786 3240 quidem
817 3154 1028 3244 temporibus
1055 3173 1128 3219 non
1151 3147 1277 3214 mirum
1307 3158 1366 3212 est.
1418 3139 1521 3236 Nam
1535 3143 1564 3209 si
1593 3137 1786 3240 linguarum

98 3249 209 3352 prima
225 3276 381 3358 tempora
402 3279 436 3334 et
457 3269 549 3357 quasi
572 3268 670 3336 initia
692 3292 769 3338 cum
789 3269 968 3356 hominum
986 3265 1137 3336 infantia
1152 3273 1352 3353 comparare
1364 3259 1458 3344 licet,
1480 3261 1553 3346 quis
1566 3264 1687 3349 nescit,
1716 3285 1787 3350 θοις

101 3381 220 3467 quibus
240 3383 398 3454 facundia
417 3397 450 3453 ct
472 3385 561 3452 celer
581 3386 741 3457 orationis
764 3409 848 3454 usus
866 3387 971 3469 desit,
999 3384 1042 3450 ad
1062 3406 1117 3450 res
1138 3405 1243 3450 manu
1257 3373 1478 3446 ostendendas
1491 3375 1674 3466 coningere
1691 3394 1724 3448 et
1737 3382 1786 3450 ita

100 3499 151 3563 uti
169 3504 429 3586 pronominibus
456 3503 752 3570 demonstrativis?
780 3504 911 3589 Itaque
927 3523 995 3588 quo
1027 3499 1216 3586 antiquiora
1245 3496 1378 3584 linguae
1400 3495 1538 3562 diesim
1563 3506 1643 3562 aunt
1662 3519 1787 3563 monn-

102 3627 219 3682 menta
228 3664 250 3703 ,
265 3639 306 3684 eo
326 3615 591 3704 frequentiorem
606 3619 849 3709 pronominum
870 3615 1217 3685 demonstrativorum
1231 3635 1331 3680 usum
1347 3612 1449 3680 fuisse
1462 3609 1628 3676 videmus.
1672 3611 1790 3700 Quare

104 3730 194 3822 apud
214 3744 345 3800 veteres
362 3733 510 3801 Graecos
532 3733 703 3824 aliquanto
721 3737 823 3826 plura
836 3735 1039 3824 pronomina
1054 3731 1316 3800 demonstrativa
1331 3730 1509 3819 pluresque
1528 3727 1723 3814 particulas,
1747 3755 1791 3799 ex

106 3845 377 3922 demonstrativis
397 3863 506 3937 ortas,
532 3871 633 3939 quam
655 3852 745 3941 apud
764 3853 1031 3941 conscriptores,
1052 3872 1137 3940 quae
1154 3847 1295 3916 Luciani
1308 3839 1567 3932 temporibus
1532 3865 1668 3929 v1xere,
1690 3846 1790 3915 inve·

106 3966 227 4034 nimus.
269 3968 316 4034 Et
333 3982 448 4036 nostra
468 3969 636 4035 recentior
653 3971 845 4058 germanica
864 3970 999 4056 lingua,
1028 3967 1154 4035 sicum
1174 3963 1346 4032 veteribus
1361 3959 1552 4028 Gothorum
1572 3971 1633 4026 aut
1654 3959 1792 4048 Anglo-

7 4161 13 4166 ¹
95 4105 273 4150 saxonum
288 4082 434 4152 dialectis
448 4097 681 4177 comparatur,
703 4086 902 4176 paucissima
915 4086 1015 4155 habet
1027 4082 1231 4175 pronomina
1243 4076 1523 4161 demonstrativa,
1547 4096 1650 4161 quum
1657 4074 1755 4141 illi''
1732 4099 1794 4144 ns-

108 4200 186 4266 dem
211 4197 430 4269 abundarent.
473 4204 560 4270 Cum
591 4203 848 4312 pronominibus
871 4214 984 4270 autem
1006 4197 1279 4268 demonstrativis
1306 4209 1340 4264 et
1357 4191 1616 4280 interrogativa,
1645 4203 1679 4258 et
1697 4191 1837 4260 inde-

109 4317 226 4405 finita,
255 4330 288 4386 et
315 4318 454 4388 relativa
477 4333 566 4434 arcte
594 4320 773 4389 cohaerere
802 4341 906 4408 eaque
934 4319 1008 4408 ipsa
1026 4317 1101 4386 iure
1124 4317 1252 4407 optimo
1274 4314 1377 4382 etiam
1398 4307 1660 4379 demonstrativa
1680 4314 1795 4380 vocari
