3966 5076
101 116 155 194 ld

96 313 248 387 „dulles
267 303 462 398 quidem
429 327 505 376 eiua
532 303 631 374 verbi
655 302 1807 404 visanisnotaen,demonstrationumpereploeaen.110m;

96 437 147 506 ⁴11
169 459 199 502 2
216 433 316 500 122:
511 423 586 493 'lvo
604 425 680 512 γάρ
698 445 772 507 σφιν
799 421 969 511 induendae
997 420 1192 510 &sedendus
1388 491 1392 502 .
1785 480 1788 492 ·

100 550 177 643 (of
193 545 321 634 Md.)
355 539 462 614 idem
480 563 670 632 pronomen
690 539 729 606 in
749 536 830 608 ι’τθιι
854 551 890 608 et
901 537 995 609 ἔνθεν
1011 538 1121 610 inesse
1137 544 1296 633 nidenan,
1318 553 1465 638 qnorum
1473 553 1664 642 uerborum
1673 556 1809 646 peiores

109 667 263 774 syllabae
283 684 355 730 uon
369 672 449 728 sunt
462 657 637 728 habendae
648 677 712 744 pro
728 656 1052 747 pmepoeilionibns‚
1073 661 1225 752 etmulti
1239 664 1413 754 iecerunt,
1434 670 1584 740 sedeunt
1599 674 1812 763 nonomine

103 764 251 852 -aliouins
276 776 431 862 locetivi,
461 776 502 842 de
530 771 650 860 quibus
678 774 779 864 plura
801 774 928 859 vide§
930 780 1007 860 .ι.7
1051 777 1237 864 Quomodo
1268 782 1359 849 enim
1379 787 1536 855 aeoidisse
1556 789 1742 879 fingemus,
1773 805 1813 860 ut

111 896 317 992 praepositio
343 889 531 981 composita
553 912 633 956 cum
662 892 791 980 syllaba
819 893 949 981 eliqua,
986 915 1072 981 quae
1099 887 1182 968 item
1204 895 1277 964 fere
1296 901 1553 988 praepositionis
1567 907 1776 974 alicuiue'
1742 931 1814 984 vim

7 1033 9 1040 ·
114 1011 243 1103 hebet,'
257 1004 514 1084 demonstrativi
535 1020 569 1076 et
583 1007 716 1106 relativi
738 1009 878 1101 accipiet
893 1008 1198 1098 significationem,
1216 1035 1319 1102 quem
1340 1015 1435 1086 dodae
1451 1031 1486 1084 et
1500 1019 1581 1090 ἔνθα
1592 1021 1717 1092 hebere
1731 1047 1816 1092 oon·
1927 1027 1935 1034 '

113 1149 193 1202 atat.
214 1129 281 1223 (cf.
303 1131 328 1212 §.
344 1123 412 1212 25.)
455 1123 575 1210 anue
591 1111 804 1214 pronominis
824 1137 942 1194 natum
962 1141 1101 1220 apparet
1116 1129 1219 1198 etiam
1233 1154 1252 1196 e
1267 1130 1476 1220 longioribus
1490 1137 1615 1206 horum
1631 1123 1814 1226 verborum

115 1247 237 1318 formu
256 1245 402 1314 ἐντεῦθεν
424 1253 460 1308 et
472 1241 621 1310 ἐνταῦθα.
643 1244 711 1329 (Of.
724 1248 752 1328 §.
767 1248 814 1329 8.)
859 1245 951 1311 Nam
973 1245 1064 1333 quod
1086 1244 1179 1315 ἔνθεν
1195 1260 1230 1315 et
1243 1248 1333 1318 :saia
1348 1235 1425 1318 oum
1439 1252 1561 1339 'spiritu
1574 1255 1645 1326 leui
1657 1281 1815 1346 pronun·

115 1366 262 1443 liuntur,
286 1359 320 1423 id
341 1357 426 1426 nihil
449 1359 612 1458 impedit,
639 1383 707 1448 quo
730 1361 842 1426 minus
867 1385 905 1428 ea
925 1385 970 1428 ex
988 1365 1004 1430 ‘a'
1019 1361 1133 1430 radios
1148 1379 1222 1432 orta
1237 1377 1420 1435 statuamus
1427 1392 1438 1451 3
1459 1369 1597 1458 spiritus
1611 1375 1703 1442 enim
1716 1399 1815 1464 asper

114 1485 259 1568 propter
283 1491 479 1562 sequentem
503 1476 650 1542 litteram
672 1488 858 1565 asperatam
879 1479 917 1547 in
939 1480 1051 1546 lenem
1071 1492 1119 1546 est
1137 1493 1306 1566 mutatus,
1341 1458 1437 1552 utin
1459 1486 1560 1572 douo,
1591 1488 1653 1574 daim
1676 1491 1815 1578 aliisque
1854 1507 1856 1512 '

115 1592 246 1662 fautum
269 1617 337 1662 esee
360 1593 495 1663 scimus.
539 1592 619 1658 Huo
638 1593 738 1660 etiem
759 1592 977 1660 referendum
998 1590 1084 1686 illud
1104 1594 1350 1664 Rhodiensium
1372 1600 1508 1681 ἰ’γνητεςι
1530 1603 1699 1690 signifieat
1722 1607 1811 1673 enim
1889 1633 1893 1640 ¹

96 1710 309 1797 ‚oddayeratffi
329 1710 351 1776 i.
375 1736 403 1778 e.
427 1709 488 1776 hoe
512 1708 549 1774 in
572 1707 645 1774 loco
666 1721 783 1793 notoe3
812 1709 903 1799 quod
917 1709 1060 1779 verbum
1075 1711 1104 1776 si
1121 1723 1210 1778 recte
1232 1703 1277 1784 eti
1297 1713 1362 1778 hoo
1379 1707 1587 1798 'pronomine
1605 1733 1722 1792 natum
1743 1745 1812 1790 esse
1861 1777 1863 1784 ⁴

117 1828 373 1912 contendimus,
402 1828 550 1910 ἰθαγενής
573 1847 707 1912 quoque
721 1829 742 1894 d
763 1827 974 1917 pronominis
990 1827 1136 1914 ¹uestigia
1156 1826 1482 1902 rotinerearbitror.
1523 1828 1617 1898 Nam
1631 1838 1697 1913 θα,
1715 1837 1815 1908 sicuti

115 1948 160 2016 ad
177 1946 360 2016 locetivum
380 1943 416 2010 in
437 1943 519 2010 ἔνθα
539 1940 617 2012 add-i
630 1943 760 2031 poluit,
780 1945 945 2016 itaeliem
962 1944 1128 2032 adipeam
1148 1942 1322 2012 radieem‘a'
1332 1993 1342 2029 ,
1362 1943 1606 2033 cuiunspiritus
1621 1947 1815 2034 repetitum

84 2057 87 2070 ’
116 2066 153 2132 in
172 2063 285 2129 leuem
304 2058 447 2136 ιιιιιιιίιο
462 2058 594 2158 debuit3
618 2058 809 2147 explicatur
821 2073 935 2150 autem
949 2061 1012 2126 h'oo
1025 2060 1170 2150 verbum
1184 2059 1225 2130 ab
1240 2058 1412 2149 Hesychio
1424 2082 1487 2149 per
1500 2058 1685 2148 adorsos,-
1703 2062 1817 2135 idem·

116 2201 183 2268 que
203 2191 270 2262 eet,
297 2174 388 2262 quod
400 2177 488 2261 ἵγνης
501 2173 563 2270 hoo
578 2173 615 2240 in
631 2174 704 2240 loco
717 2189 833 2246 notun
874 2179 1092 2265 Quapropter
1106 2187 1244 2243 nonest
1255 2176 1501 2260 dubitandum,
1527 2179 1608 2265 quin
1624 2181 1709 2264 uhi,
1730 2199 1814 2269 pro·

118 2294 258 2362 nomine
274 2291 559 2376 demonstrativo,
589 2314 659 2358 non
677 2293 719 2360 ab
739 2293 768 2379 ἴ,
794 2294 892 2361 tertia
908 2317 1069 2385 persone,
1098 2293 1141 2360 sit
1157 2292 1393 2363 derivandum.
1435 2293 1629 2364 Euetethiue
1653 2277 1814 2366 adHom·
1890 2329 1893 2334 ·

121 2391 243 2501 Odyse.
260 2409 359 2495 XIV,
381 2413 456 2476 203.
475 2431 553 2476 cum
573 2410 638 2476 hoc
660 2411 767 2476 verbo
787 2408 972 2496 'Idons'rnr,
991 2433 1118 2478 nomen
1139 2409 1338 2500 proprium,
1361 2424 1552 2500 comparat,
1584 2413 1674 2500 quod
1696 2413 1813 2482 eodem

121 2530 226 2626 modo
250 2528 374 2598 lectum
396 2538 463 2608 ests
491 2524 656 2612 siguificat
677 2525 786 2610 enim,
814 2527 873 2613 qni
889 2526 951 2594 hoc
973 2531 1011 2594 in
1032 2529 1107 2598 loco
1123 2539 1239 2594 munet
1261 2538 1362 2613 etque
1375 2538 1578 2613 permanet,
1599 2528 1714 2594 virum
1735 2549 1815 2592 oon-

119 2659 280 2718 stonum.
326 2646 405 2729 Quo
426 2641 532 2727 magis
556 2653 607 2706 est
629 2641 846 2729 perspicuum
868 2646 1023 2714 subtilius
1037 2668 1143 2732 quam
1164 2642 1299 2727 verius,
1328 2642 1370 2708 de
1392 2645 1539 2728 ἰθαγενής
1562 2643 1659 2710 verbi
1683 2644 1814 2732 origine

120 2764 341 2853 disputavisse
356 2756 567 2826 Eustalbium
579 2755 600 2818 l.
613 2755 636 2819 l·
644 2804 655 2840 ,
679 2757 737 2841 qui
749 2758 831 2826 haec
847 2762 963 2832 hebete
986 2761 1005 2831 d
1024 2763 1059 2832 ἐκ
1073 2769 1126 2842 τῆς
1140 2758 1206 2829 κατ’
1218 2762 1292 2844 ἰθύ,
1312 2762 1450 2828 τουτέστι
1462 2749 1531 2830 κατ’
1542 2757 1695 2840 additare
1707 2763 1815 2840 νόμον,

121 2883 285 2967 μυήσεως,
316 2881 369 2972 ταὶ
395 2869 437 2958 μὴ
458 2876 595 2957 πλαγίως
616 2896 681 2950 πως
702 2880 749 2962 τῷ
765 2878 846 2962 γένει
864 2879 1109 2970 ἐπειςιιγόμενος.
1151 2882 1270 2964 λέγεται
1288 2881 1324 2946 d'a'
1345 2898 1424 2946 ποτε1
1442 2877 1462 2952 ἤ
1481 2881 1561 2948 λέξις
1582 2879 1634 2937 καὶ
1651 2872 1816 2942 inimit-
1844 2961 1846 2969 J

123 3003 183 3068 τῶν
213 2993 424 3079 αὕτοχθόνωι.

230 3147 268 3224 6)
288 3136 549 3206 Pronominibus
568 3138 686 3204 tertiae
707 3160 870 3226 personae
889 3141 979 3227 apud
1001 3137 1149 3206 Graecos
1167 3141 1222 3224 μίν
1242 3146 1277 3201 et
1296 3140 1346 3204 νίν
1369 3132 1547 3202 accusativi
1561 3145 1639 3202 sunt
1652 3133 1819 3202 adnumei

101 3273 104 3288 '
127 3259 237 3332 rendi.
280 3257 335 3325 Ac
358 3253 527 3346 quomodo
550 3259 603 3339 μίν
623 3266 752 3321 veteres
776 3255 986 3340 grammatici
1003 3279 1046 3322 ex
1061 3257 1091 3323 ἴτ
1106 3266 1139 3321 et
1154 3281 1178 3341 μ
1195 3253 1307 3319 littera
1319 3253 1511 3343 praeposita
1529 3265 1647 3321 natum
1663 3273 1734 3320 esse
1750 3263 1819 3328 ste-g

50 3419 53 3422 ·
126 3381 271 3464 tuerint,
299 3365 336 3440 id
356 3395 458 3463 supra
480 3373 589 3439 Nr..3
610 3382 659 3435 est
681 3393 772 3437 ame
788 3371 924 3439 dictum.
969 3371 1059 3440 Illud
1075 3373 1164 3438 enim
1178 3367 1476 3458 grammaticorum
1489 3383 1720 3436 commentum
1735 3379 1821 3450 esse,

128 3487 237 3587 patet3
263 3492 321 3558 sed
344 3512 510 3576 quaenam
539 3488 582 3554 sit
602 3486 702 3553 huius
731 3489 824 3554 vocis
848 3492 958 3577 origo,
989 3489 1161 3588 quomodo
1185 3501 1218 3556 et
1238 3488 1442 3574 singularem
1463 3500 1498 3554 et
1521 3471 1686 3588 pluralem
1707 3481 1818 3546 omisis

128 3609 262 3702 generis
284 3627 467 3672 numerum
491 3605 638 3671 indicare
658 3605 824 3692 potuerit,
853 3619 887 3671 et
909 3630 974 3695 qua
992 3607 1125 3673 ratione
1146 3611 1216 3691 μίν,
1249 3604 1464 3691 quod-Dones
1485 3615 1520 3668 et
1535 3602 1635 3666 lones
1652 3597 1821 3677 dicebant,

128 3732 166 3798 in
187 3733 235 3795 τίν
255 3720 442 3806 transierit,
465 3720 607 3788 eius'rei
622 3721 815 3787 nonullam
830 3721 954 3791 efferre
968 3747 1067 3815 posse
1081 3712 1264 3807 rationem,
1289 3721 1410 3788 feteon
1452 3718 1531 3806 ῌοο
1546 3738 1654 3784 unum
1670 3723 1821 3783 eommo-

134 3867 267 3914 morare
285 3841 397 3926 lubet,
424 3849 565 3928 propter
585 3844 639 3923 μίν
656 3836 837 3925 particulae
859 3861 958 3908 usum
979 3830 1090 3907 rideri
1108 3839 1237 3908 fectum
1254 3861 1343 3922 esse,
1356 3849 1400 3903 nt
1414 3837 1452 3903 in
1465 3834 1580 3902 dativo
1595 3833 1727 3924 primae
1742 3845 1827 3924 pet-,1

136 3961 377 4048 souaeDores,
399 3968 561 4048 quantum
581 3955 739 4043 equidem
762 3955 880 4045 sciam,
909 3981 1083 4049 nunquam
1097 3959 1335 4043 dicernere,
1356 3954 1413 4058 sed
1428 3931 1561 4053 semper
1574 3952 1652 4036 ἐμίν.
1719 3961 1729 4007 ἲ
