3966 5076
1027 83 1043 138 Ι

227 365 366 452 ιρι-ιιι
390 359 445 430 ιιι
455 357 633 446 uniusque
660 370 825 442 personae
851 343 997 416 ablativo
1026 339 1165 436 pluralis
1192 339 1330 408 numeri
1348 341 1537 431 reperitur,
1565 363 1648 416 nm
1669 363 1786 421 mm
1805 351 1902 422 ηοω,

261 480 439 577 jusobnmt
462 473 557 564 sebit
580 467 762 556 singularia
791 464 927 534 numeri
957 462 1105 530 formam
1134 459 1272 530 itabant.
1315 458 1422 549 Apud
1442 461 1649 536 Romanos
1645 469 1767 536 nostri
1782 482 1816 540 et
1841 484 1920 542 νιιιι

265 600 358 694 apud
386 599 535 666 Graecos
562 590 634 675 ἧμιν
664 586 700 652 et
723 582 811 669 ipro,
841 579 892 646 uti
923 579 951 663 §.
975 583 1025 644 17.
1059 575 1214 683 pluribus
1243 574 1437 658 ostendam,
1471 593 1647 668 praeterea
1677 586 1792 658 etiarn
1808 589 1920 660 aeolia¹

266 715 441 805 form,
426 713 509 801 ,tw
527 718 564 774 „a
591 703 674 790 ὔμμι
690 694 866 784 singularis
886 694 1022 763 numeri
1043 672 1304 763 declinationem
1331 705 1528 780 sequuntur.
1570 699 1612 768 In
1632 722 1672 768 ea
1691 724 1749 790 re,
1775 703 1818 773 ad
1841 720 1921 794 qaas

266 844 446 922 qnantum
453 823 634 912 equidem
631 818 726 922 seio,
762 833 865 882 nemo
892 811 960 880 hnc
982 833 1088 899 usque
1110 810 1265 876 virorum
1287 809 1466 901 doctorum
1487 814 1638 884 ιιιιιιιιιιιι
1658 819 1824 906 advertit,
1851 823 1921 888 cret‘

147 1003 155 1012 .
264 950 350 1018 illud
378 943 528 1030 singulos
548 935 690 1030 populos
708 863 839 998 ieoutos
867 953 947 996 esee.
991 917 1143 1014 Quum
1132 952 1170 997 ιιι
1190 927 1241 996 bis
1264 927 1522 1016 pronominibus
1542 933 1676 1000 numeri
1695 935 1836 1024 pluralis
1857 948 1921 1005 not

197 1035 205 1048 i
264 1063 348 1154 ipsis
377 1059 544 1128 radicibus
573 1050 809 1133 enuntietur,
820 1045 946 1116 borum
973 1043 1162 1114 verborum
1197 1042 1271 1111 fere
1302 1043 1420 1112 eadem
1448 1058 1501 1113 est
1527 1047 1632 1134 ratio,
1661 1073 1747 1138 quae
1773 1053 1921 1119 nominta

265 1177 550 1256 collectivornm,·
565 1181 668 1258 quae,
695 1185 888 1251 quanquam
914 1161 1080 1253 plures
1052 1185 1127 1231 save
1153 1151 1405 1228 hominesve
1424 1185 1480 1230 res
1499 1165 1676 1240 continent
1696 1189 1735 1234 ao
1755 1168 1921 1256 significan

264 1307 379 1364 nmen
404 1286 581 1376 ‚singularis
606 1283 742 1354 numeri
771 1274 1031 1352 declinationem
1059 1288 1267 1364 sequuntur3
1295 1279 1410 1366 plnres
1438 1283 1530 1350 enim
1557 1281 1762 1372 intelligi,
1750 1307 1824 1374 ipso
1845 1284 1921 1352 veri

266 1410 524 1484 demonstratur.
568 1403 620 1470 Ita
648 1400 749 1466 etiam
777 1397 814 1464 in
844 1393 1191 1484 iis-pronominibus,
1223 1393 1342 1482 quibus
1371 1396 1408 1486 in
1436 1398 1599 1486 plurativi
1625 1420 1724 1466 usum
1754 1401 1921 1491 proprias

261 1522 443 1610 peculiaria
464 1519 563 1586 radix
584 1513 669 1599 fuit,
699 1511 840 1601 pluralis
868 1511 1002 1580 numeri
1024 1509 1118 1580 notio
1139 1534 1211 1579 non
1239 1509 1305 1577 fuit
1324 1517 1475 1588 necesse
1489 1513 1714 1582 declinatione
1740 1516 1921 1583 indicaretu

59 1665 62 1674 ·
136 1699 140 1712 ,
263 1624 378 1728 casum
408 1630 559 1698 indicare
579 1627 659 1695 satis
680 1637 833 1714 erat,et
849 1627 892 1694 ad
914 1649 993 1694 eum
1010 1623 1287 1712 significandum,
1315 1629 1365 1694 uti
1381 1629 1420 1698 in
1441 1628 1636 1698 nominibus
1655 1629 1840 1700 collectivis
1864 1652 1922 1698 aco:

257 1747 329 1830 dit,
351 1748 450 1816 etiam
472 1741 806 1835 singularienumeri
831 1741 950 1810 formis
970 1741 1022 1834 'uti
1042 1752 1210 1832 poterant.

282 1921 284 1928 .
365 1867 400 1944 8)
421 1863 558 1938 Primae
578 1883 744 1949 personae
773 1884 867 1929 casus
896 1859 1030 1945 obliqui
1045 1859 1083 1925 in
1107 1881 1250 1926 numero
1269 1839 1432 1948 singulari
1454 1873 1487 1928 et
1507 1861 1545 1930 in
1565 1862 1671 1931 latina
1690 1875 1724 1932 et
1744 1862 1782 1930 in
1803 1875 1922 1952 cogunt

257 1980 383 2069 linguis
412 2003 433 2046 a
457 1983 500 2046 m'
521 1979 636 2045 littera
662 1976 851 2068 incipiunt3
884 1971 1061 2063 in'gr'aeca
1083 1998 1188 2062 vero,
1219 1975 1248 2041 ei
1268 1976 1448 2068 maioreet
1469 1979 1680 2070 pronominis
1700 1981 1772 2066 vie,
1801 1982 1922 2048 alittet

257 2097 498 2190 praeponitur3
529 2115 632 2180 quarn
663 2089 800 2182 quidem
825 2073 975 2162 litteram
1003 2115 1075 2161 non
1103 2092 1263 2180 elingua
1283 2095 1513 2182 antiquissima
1535 2095 1695 2172 adscitam
1718 2105 1753 2162 et
1772 2108 1922 2165 servatur

223 2269 226 2278 .
259 2214 318 2278 sed
342 2236 364 2281 a
392 2211 531 2277 Graecia
550 2209 631 2294 ipsis
650 2209 828 2276 inventam
849 2224 883 2277 et
902 2208 1051 2276 additam
1072 2231 1160 2289 esse,
1180 2209 1374 2296 linguarum
1397 2223 1615 2298 cognatarum
1637 2233 1819 2282 consonent
1840 2213 1922 2296 decla

259 2339 323 2396 rat
366 2326 474 2412 quue
495 2343 535 2388 eo
554 2321 660 2409 magis
682 2333 733 2388 est
753 2323 955 2401 verisimile,
983 2324 1073 2408 quod
1096 2323 1219 2388 Graeci
1239 2325 1353 2389 verbis
1370 2347 1391 2390 a
1411 2327 1524 2398 littera
1547 2335 1694 2394 consona
1714 2331 1922 2422 incipientibr

258 2457 359 2532 saepe
380 2441 513 2512 vocales
534 2449 821 2528 praeposuerunt·
850 2436 892 2504 of.
913 2447 1012 2514 κεῖνος
1034 2437 1103 2504 et
1089 2447 1221 2518 εκεΐνος,
1241 2439 1322 2522 χθές
1336 2447 1370 2502 et
1388 2427 1500 2521 ἐχθές,
1524 2439 1637 2524 νέρθεν
1655 2454 1689 2508 et
1704 2443 1889 2532 ι’νερθεν,
1869 2451 1921 2534 ριιε

260 2570 295 2626 ιιι
323 2559 441 2646 ιριιειν,
473 2559 578 2624 θέλειν
606 2567 640 2622 et
667 2549 821 2637 littera,
825 2545 954 2654 proprie
979 2564 1013 2619 et
1042 2551 1198 2641 ἀμαυρός,
1224 2558 1317 2624 uillas
1346 2566 1381 2622 et
1406 2551 1536 2639 cixilla,
1571 2560 1702 2644 διιρομαι
1731 2573 1765 2626 et
1790 2557 1923 2650 (ιδιρομι

259 2677 390 2759 βιηχρός
422 2684 456 2739 et
489 2671 660 2761 ἄβληχρός,
706 2694 829 2740 saneor.
862 2692 955 2736 nom
989 2665 1093 2734 bana
1128 2667 1183 2734 die
1219 2669 1355 2755 Brona,
1391 2669 1690 2759 Augenbroue,³
1668 2680 1782 2764 οφριις,
1823 2700 1923 2746 sanae]

245 2789 446 2876 ,damobtra
465 2781 502 2878 (a
515 2790 621 2858 verbo
637 2788 724 2855 done
738 2783 923 2874 mordere),
946 2784 1027 2852 cleas
1035 2783 1190 2871 ,Zaba
1214 2783 1305 2882 dictio
1327 2784 1469 2871 (idcircor,
1492 2789 1580 2855 aeol·
1600 2789 1705 2868 ι’δοιις.Ι

193 2889 196 2893 ’
363 2905 400 2989 4)
421 2903 508 2970 Sunt
532 2904 633 3008 ctiam
658 2904 725 2969 viri
748 2903 886 2991 quidam
908 2903 1016 2984 docti,
1045 2903 1103 2988 qui
1127 2902 1257 2992 primae
1277 2925 1443 2991 personae
1463 2906 1711 2976 nominativum
1733 2908 1785 2975 mi
1803 2910 1923 2978 extitiss

185 3007 189 3015 ¹
257 2957 388 3120 1³¹¹in
429 3020 522 3087 Nam
549 3019 650 3088 sicuti
669 3025 773 3101 τίθη·
751 3043 797 3096 -ς
826 3030 861 3085 et
881 3020 985 3098 ιιθη-
963 3041 1026 3085 -σι
1053 3015 1200 3102 iormas,
1222 3040 1286 3106 pro
1307 3020 1427 3104 quibus
1448 3009 1551 3124 τίθη·
1529 3047 1607 3107 -σν,
1636 3029 1741 3108 τιθη-
1719 3055 1779 3095 -ιι
1800 3028 1923 3117 antiqui

258 3153 312 3210 tue
344 3137 471 3204 dietum
499 3145 568 3218 est,
602 3159 622 3202 e
651 3136 748 3206 verbi
766 3134 881 3204 radice
902 3145 936 3202 et
958 3157 977 3200 e
996 3129 1162 3202 secundae
1184 3133 1367 3220 tertiaeque
1385 3157 1551 3224 personae
1572 3141 1830 3229 pronominibus
1851 3166 1923 3212 rom

257 3248 653 3350 positaseseeeredunt·
682 3253 786 3320 sicin
808 3256 911 3333 τίθη-
887 3279 955 3338 -μι
974 3252 1080 3318 verbo
1100 3277 1138 3336 μι
1159 3252 1288 3340 primae
1310 3274 1476 3349 personae
1496 3257 1750 3326 nominativum
1770 3275 1923 3330 servatur

256 3397 328 3446 esee
358 3379 489 3462 putant.
534 3366 600 3433 Sed
621 3367 700 3434 satie
724 3367 864 3434 infirmo
890 3367 1049 3438 nituntur
1065 3377 1272 3450 argumento.
1318 3369 1410 3436 Nam
1434 3369 1565 3438 etiamsi
1583 3374 1766 3443 verborum
1786 3380 1923 3468 coniuge

191 3499 197 3504 “
255 3495 304 3562 tio
333 3513 374 3560 eo
403 3485 526 3572 modo,
553 3505 620 3571 qno
647 3457 699 3552 illi
719 3484 858 3567 volunt,
887 3495 962 3552 orta
984 3493 1050 3566 eet,
1078 3493 1194 3550 tamen
1214 3505 1284 3550 non
1301 3481 1534 3573 consequitur,
1562 3489 1791 3560 nominativos
1813 3517 1923 3584 prono

255 3599 389 3679 minum
406 3607 590 3674 verborum
610 3601 776 3670 radicibus
798 3623 869 3668 esse
866 3595 1037 3684 additos,
1067 3598 1127 3666 sed
1148 3621 1224 3667 eam
1246 3599 1284 3666 in
1304 3601 1488 3678 verborum
1508 3603 1745 3694 coniugatione
1765 3613 1923 3700 pronomi

257 3723 311 3788 nis
331 3722 479 3789 formam
499 3745 569 3787 esse
592 3731 808 3809 usurpatam,
827 3717 987 3786 credibile
1008 3728 1073 3802 eet,
1096 3739 1179 3806 quac
1200 3715 1238 3783 in
1252 3716 1430 3805 singularis
1441 3721 1576 3791 numeri
1592 3724 1817 3794 declinatione
1830 3729 1923 3796 mni

257 3861 314 3907 me
327 3837 378 3901 ‘in
403 3859 467 3902 usn
494 3835 616 3918 fuerit3
644 3855 749 3923 eaque
774 3832 839 3922 fuit
867 3832 983 3919 radix,
1014 3855 1100 3922 quae
1127 3856 1148 3900 a
1175 3857 1211 3900 m
1238 3832 1353 3903 littera
1373 3829 1515 3927 incepit,
1547 3862 1568 3934 e
1585 3859 1650 3926 qua
1668 3862 1785 3909 omnes
1802 3857 1923 3934 praeta

258 3950 509 4025 nominativum
528 3952 703 4038 singularis
723 3951 858 4032 numeri
880 3973 974 4019 oaeue
989 3962 1226 4020 manaverunt.
1259 4017 1263 4024 .

355 4069 547 4136 Provooant
572 4065 678 4133 iidem
699 4067 767 4132 viri
788 4067 830 4134 ad
849 4067 1014 4154 persicam
1035 4065 1219 4156 lingum,
1234 4068 1271 4134 in
1293 4089 1359 4156 qua
1377 4069 1508 4158 primae
1528 4091 1695 4158 personae
1712 4076 1923 4149 nominativa

258 4171 312 4256 eu¹
329 4186 395 4256 iata
422 4181 534 4250 radice
562 4169 670 4252 factus
696 4179 750 4248 eit·
799 4179 865 4246 Sed
884 4182 1005 4270 'lingua‘
1032 4187 1180 4272 aentica,
1216 4209 1236 4254 e
1265 4205 1331 4272 qna
1357 4169 1486 4274 persica
1513 4185 1634 4277 fluxit,
1672 4190 1709 4258 in
1740 4191 1923 4264 nominatio

257 4299 369 4368 forma
390 4323 467 4370 cum
486 4298 608 4388 linguis
629 4297 777 4388 cognatis
798 4292 973 4387 congruit,
1001 4325 1111 4392 neque
1138 4303 1270 4392 linguae
1292 4303 1461 4393 persicae,
1492 4323 1579 4390 quae
1607 4306 1734 4380 scilicet
1755 4312 1923 4384 multorua
