3966 5076
169 183 319 265 58-

179 377 274 456 t‘fetis
295 375 496 451 incendium
510 375 623 450 ortum
640 378 706 463 ιιι,
731 353 900 449 Fidenas
905 377 985 446 inde
1001 385 1066 448 aut
1087 377 1233 463 Gabios,
1259 371 1450 452 aliamve
1472 367 1595 478 quam
1616 388 1775 458 urbem
1753 410 1863 484 quae·

176 501 280 570 citari
299 525 431 583 sumus,
455 523 521 591 quo
538 500 842 610 uQammigremus.
873 495 940 589 (Cf.
959 485 1213 566 Drakenborch.
1229 498 1271 566 ad
1284 495 1361 568 ιιι
1380 501 1422 587 V,
1440 495 1479 568 13
1481 503 1550 590 ,ιιι
1650 509 1653 530 ³

283 619 315 708 c)
339 609 521 709 Quispiam
543 633 586 686 et
598 617 777 706 quisquam
802 641 819 682 e
841 615 1043 706 pronomine
1064 593 1240 684 indefinito
1256 629 1288 722 et
1306 641 1409 706 quam
1425 633 1458 685 et
1466 620 1568 708 piam
1582 625 1752 724 particulis
1764 649 1866 694 com·

83 750 87 759 '
176 736 287 828 posita
309 750 405 818 sunt3
440 748 632 826 utramque
642 743 756 800 antem
777 729 977 823 particulam
997 755 1065 801 uno
1088 759 1111 800 e
1130 754 1333 824 pronomine
1347 734 1524 804 rndellnrto
1542 760 1612 804 esse
1628 739 1815 810 derivatam
1831 760 1877 814 et
1941 761 1943 766 '

140 939 143 947 Α
178 851 318 943 proprie
339 853 481 921 eandem
504 851 629 918 habere
649 849 951 938 significationem,
972 854 1135 934 §..,.72c
1158 861 1193 916 et
1213 853 1242 935 §.
1243 847 1315 916 ’.ιι
1323 843 1598 920 'demonstratum
1621 877 1701 922 esse
1707 857 1874 946 arbitror

175 969 234 1038 Ad
250 963 497 1038 indefinitum
486 968 590 1055 igitur
609 989 798 1070 pronomen
819 963 972 1051 accessit,
993 968 1045 1035 utl
1059 980 1160 1057 saepe
1178 965 1237 1052 fit,
1258 965 1428 1056 particula
1440 969 1627 1038 indefinita..
1668 972 1872 1055 Quam'
1800 1000 1869 1044 au-

179 1098 249 1152 tem
271 1097 305 1152 et
317 1086 421 1174 piam
437 1075 689 1152 contentionem
706 1082 874 1171 quandam
891 1097 923 1152 et
934 1086 996 1152 'aut
1015 1085 1117 1154 totius
1137 1081 1329 1151 sententiae
1345 1095 1404 1151 aut
1418 1085 1711 1174 etiamsingularis,
1728 1089 1878 1160 alienius

178 1201 328 1269 notionis
350 1201 446 1288 quasi
467 1197 759 1288 exaggerationem
783 1202 953 1292 quandam
973 1202 1160 1270 continent.
1204 1201 1323 1288 Itaque
1337 1201 1739 1288 pronominisindefiniti
1754 1208 1872 1275 notio-

178 1341 259 1385 nem
280 1317 422 1386 dilatant
441 1317 539 1404 eique
562 1317 725 1408 maiorem
748 1314 819 1386 vim
843 1318 990 1404 addunt3
1019 1331 1169 1387 attamen
1192 1317 1278 1384 duae
1299 1315 1450 1404 formae,
1472 1340 1559 1405 quae
1573 1321 1713 1409 proprie
1730 1322 1869 1393 eaedem

76 1463 81 1470 ·
178 1431 319 1502 fuerunt
338 1446 370 1502 et
391 1436 493 1529 plane
515 1433 607 1520 idem
628 1433 876 1525 e'gniiicarunt,
897 1436 1072 1527 paullatim
1094 1457 1158 1501 usu
1174 1433 1357 1502 disiunctae
1371 1445 1453 1501 sunt
1464 1445 1498 1500 et
1508 1451 1568 1502 sua
1582 1438 1716 1526 utrique
1730 1441 1865 1530 propria

102 1555 106 1561 ’
178 1548 230 1616 vis
250 1574 289 1616 ac
307 1562 455 1639 potestas
478 1552 651 1620 attributa.
695 1553 787 1618 Nam
808 1551 983 1641 quispiam
1002 1549 1158 1640 inprimis
1177 1549 1214 1614 in
1234 1543 1537 1636 enuntiationibus,
1558 1553 1643 1638 quae
1666 1569 1779 1622 mente
1796 1553 1858 1622 fin-

177 1680 322 1753 guntur,
346 1679 407 1758 aut
426 1655 471 1734 ex
492 1667 558 1733 alia
576 1665 846 1756 pendentanimi
867 1668 1088 1755 cogitatione,
1109 1650 1310 1753 usurpatur,
1323 1664 1505 1752 additaque
1521 1667 1624 1754 piam
1643 1671 1771 1759 syllaba
1786 1695 1865 1737 sen-

178 1782 320 1851 tentiam
341 1784 384 1850 ad
406 1805 540 1868 ornnes,
562 1783 605 1848 ad
626 1803 842 1872 quoscunque
863 1785 988 1874 possit,
1018 1792 1167 1871 spectare
1190 1790 1225 1845 et
1244 1779 1383 1845 maioris
1406 1783 1523 1870 copiae
1545 1807 1583 1849 ac
1603 1787 1738 1853 numeri
1757 1787 1887 1854 ratio-·

109 1897 112 1902 ’
151 1922 259 1966 ‘nem
277 1899 395 1966 haberi
418 1897 619 1967 declaratur.
663 1899 780 1986 Quare
797 1923 869 1965 non
894 1911 988 1966 recte
1006 1918 1124 1984 neque·
1141 1895 1364 1962 Heindorfius
1385 1897 1428 1964 ad
1453 1897 1589 1967 Horatii
1612 1901 1708 1968 Satir.
1723 1903 1750 1987 Ι,
1768 1902 1798 1985 4,
1814 1903 1871 1974 36.

178 2037 288 2102 neque
309 2014 367 2102 qui
386 2037 464 2082 eum
483 2025 617 2081 secutus
639 2026 690 2080 est
709 2013 915 2082 Matthiaeus
934 2016 977 2081 ad
1000 2013 1069 2081 Cic.
1093 2013 1155 2080 Or.
1173 2030 1237 2102 pro
1260 2013 1359 2079 Rasc.
1377 2011 1456 2082 Am.
1477 2016 1512 2110 §⁸
1533 2021 1584 2083 33.
1611 2019 1874 2107 contenderunt,

179 2129 353 2220 quispiam
373 2129 465 2198 idem
486 2152 575 2214 esse,
597 2128 688 2217 qued
707 2129 844 2220 aliquis.
887 2131 979 2198 Nam
999 2130 1034 2195 si·
1046 2130 1165 2198 Cicero
1190 2128 1323 2198 Caecin.
1341 2133 1392 2197 10.
1421 2127 1545 2198 Utrum
1563 2132 1724 2222 gravius,
1743 2134 1869 2220 inquit,

73 2287 75 2289 -
139 2330 141 2333 ι
179 2245 217 2314 ιἰι
242 2245 486 2340 quempiam
510 2246 582 2312 dici
604 2257 736 2336 potest,
768 2271 872 2341 quam
897 2247 946 2313 ad
968 2246 1137 2314 bominem
1158 2245 1487 2336 condemnandum,
1502 2272 1600 2339 quem
1619 2273 1795 2338 nunquam
1813 2251 1870 2319 vi-

177 2347 302 2444 disset,
324 2387 428 2470 neque
448 2363 621 2447 audisset,
649 2364 837 2434 adductum
853 2365 969 2455 pretio
990 2366 1084 2430 esse?
1116 2363 1215 2433 facile
1235 2379 1393 2453 apparet,
1424 2365 1624 2474 aliquem
1596 2388 1625 2430 ιι
1647 2365 1711 2431 isto
1733 2366 1771 2432 in
1791 2366 1868 2436 loco

177 2469 332 2570 dixisset,
363 2494 495 2572 eertum
520 2481 689 2572 quendam
720 2484 977 2572 intelligendum
1007 2480 1130 2569 fuisse,
1168 2504 1273 2571 quum
1301 2481 1498 2570 quempiam
1527 2503 1572 2547 ex
1597 2488 1669 2547 toto
1689 2482 1871 2551 ιιοιιιιιιιιιιι

176 2607 338 2686 numero,
368 2601 426 2687 qui
444 2622 585 2688 magnus
608 2625 678 2669 esse
693 2615 824 2693 potest,
852 2597 1055 2687 singularem
1077 2599 1231 2687 quidem,
1253 2600 1311 2666 sed
1329 2618 1562 2686 quemcunque
1575 2594 1750 2682 significet
1793 2599 1872 2695 Ne·
1918 2647 1921 2650 -

176 2709 242 2805 que
256 2718 309 2801 id,
332 2716 422 2806 qnod
441 2716 596 2782 volunt
584 2717 659 2802 rsti,
690 2719 765 2785 loco
788 2714 992 2784 eCiceronis
1011 2714 1100 2781 libro
1123 2715 1165 2780 de
1190 2715 1287 2781 Orat
1310 2715 1358 2780 11.
1379 2739 1408 2781 c.
1425 2719 1462 2780 ’.9
1484 2711 1592 2801 petito
1621 2707 1774 2779 efficitur
1816 2713 1871 2780 Ibi

180 2831 273 2896 enim
295 2829 459 2918 scriptum
485 2843 554 2897 est:
589 2831 629 2898 Si
656 2829 698 2898 de
719 2831 817 2902 rebus
837 2827 973 2909 rusticis
992 2830 1150 2922 agricola
1172 2829 1398 2919 quispiam
1421 2839 1485 2896 aut
1506 2826 1548 2892 de
1562 2825 1737 2914 pingendo
1752 2828 1871 2929 pictor

144 2945 154 2992 ’-
181 2943 352 3036 aliquis
382 2944 506 3015 diserte
534 2946 661 3017 dixerit
689 2961 751 3022 aut
776 2949 966 3040 scripserit:
997 2971 1064 3014 nou
1087 2946 1214 3014 idcirco
1237 2945 1325 3015 artis
1348 2945 1445 3020 iilius
1458 2937 1620 3026 putanda
1642 2945 1689 3000 eti
1711 2935 1870 3023 eloquen-

55 3113 59 3118 -
180 3063 243 3154 tta.
285 3062 523 3154 Agricolarum
554 3065 644 3133 enim
674 3078 768 3134 tanta
794 3065 858 3133 fuit
880 3064 1079 3146 multitudo,
1114 3075 1154 3127 ut
1176 3083 1221 3125 ex
1249 3054 1301 3123 his
1332 3053 1432 3120 inulti
1460 3073 1530 3118 esse
1559 3061 1713 3138 possent,
1743 3051 1799 3137 qui
1827 3050 1871 3119 de

181 3184 281 3249 rebus
304 3169 438 3251 rusticis
460 3182 585 3250 diserte
606 3181 755 3250 dicerent
778 3197 839 3258 aut
860 3182 1067 3298 scriberent3
1098 3175 1269 3296 pictorum
1292 3183 1427 3253 contra,
1454 3168 1481 3235 si
1499 3189 1576 3233 cum
1599 3164 1751 3252 agricolis
1773 3188 1874 3233 corn-

181 3315 364 3389 parantur,
386 3312 420 3369 et
439 3301 568 3369 Rornae
590 3299 756 3368 stabitis
778 3311 849 3366 tam
871 3285 1011 3384 exiguus
1033 3289 1308 3376 eretnume'rus,
1330 3282 1527 3368 uteorum,
1550 3281 1610 3369 qui
1633 3279 1673 3346 de
1698 3280 1866 3368 pingendo
1911 3339 1914 3346 .

185 3415 308 3484 diserte
333 3415 444 3485 dicere
470 3409 623 3509 possent,
653 3418 761 3484 molto
791 3415 912 3482 certior
940 3423 975 3478 et
1003 3409 1209 3477 luculentior
1238 3405 1334 3474 notio
1361 3402 1520 3472 Ciceroni
1548 3387 1721 3466 obuersari
1744 3401 1871 3485 posset.

163 3531 308 3619 Neque
330 3527 530 3624 Gryserium
552 3523 756 3616 audiendum
778 3555 847 3599 esse
868 3529 1040 3613 arbitror,
1061 3527 1120 3614 qui
1141 3524 1179 3592 in
1200 3523 1289 3590 libro
1312 3521 1444 3610 egregio
1465 3513 1726 3608 supralaudato
1747 3519 1875 3600 p..108

189 3648 360 3764 quispiam
384 3672 429 3716 ex
450 3643 678 3758 aliquispiam
704 3639 913 3734 contractum
943 3658 976 3712 et
1004 3655 1200 3733 correptum
1223 3661 1294 3705 esse
1314 3650 1429 3728 putat,
1459 3647 1493 3702 et
1510 3635 1607 3700 bane
1620 3625 1775 3694 farmani
1799 3630 1876 3716 'ple-

95 3805 101 3812 ·
167 3759 269 3836 nam
283 3779 329 3834 et
344 3765 552 3860 absolutam,
580 3753 710 3836 illam
699 3791 737 3835 ιιι
765 3764 900 3834 brevius
930 3759 1139 3828 contractam
1170 3767 1204 3823 et
1228 3755 1422 3824 mutilatam
1453 3763 1586 3848 vocat·
1605 3747 1695 3814 Nam
1721 3735 1873 3833 primum

189 3869 414 3974 aliquispiam
440 3886 550 3953 multo
581 3897 630 3953 est
655 3887 782 3998 rarius,
813 3876 934 3948 deinde
956 3871 1041 3967 quae
1062 3873 1309 3944 differentiam
1330 3869 1382 3938 his
1404 3866 1516 3937 verbis
1536 3865 1595 3950 sit,
1625 3861 1744 3930 facile
1741 3860 1878 3950 perspi·

88 4085 93 4094 ¹
192 3999 286 4066 citur.
330 4001 391 4068 Est
413 4004 504 4070 enim
521 4003 658 4090 eadem,
681 4011 767 4090 quae
787 3999 877 4068 inter
899 3994 1027 4098 aliquis
1049 3992 1184 4083 etquis
1204 3990 1308 4060 verbs
1326 3986 1514 4055 intercedit.
1560 3967 1630 4053 cic.
1650 3981 1750 4047 Tusc.
1764 3977 1829 4057 111,
1844 3978 1877 4043 9.

193 4112 324 4183 Νιιιιι
317 4142 438 4184 manus
467 4117 599 4210 affecta
620 4129 800 4200 recteest,
830 4137 908 4182 cum
931 4114 968 4180 iu
991 4122 1122 4178 tumore
1150 4109 1225 4174 est?
1252 4118 1418 4175 autrum
1438 4096 1749 4194 aliquodpiam
1769 4109 1883 4157 mene·

176 4212 294 4342 ¹inum
316 4233 486 4302 tumidum
507 4260 550 4302 ac
569 4223 747 4326 turgidum
768 4223 835 4300 nan
854 4222 975 4302 vitiose
995 4253 1031 4297 se
1050 4205 1174 4294 tuber?
1209 4225 1302 4293 Nam
1324 4218 1508 4310 quodpiam
1530 4215 1682 4282 omnium
1705 4208 1880 4276 membro-

194 4335 271 4421 rum
294 4339 460 4420 rationein
476 4324 594 4442 habet,
623 4351 677 4448 ali
696 4350 838 4434 indicat,
860 4373 904 4418 ex
924 4333 976 4416 his
997 4363 1105 4453 unum
1126 4339 1286 4432 aliquod
1279 4361 1300 4406 a
1319 4337 1437 4406 ceteris
1458 4335 1506 4404 ita
1519 4332 1633 4402 animo
1646 4326 1813 4476 separari,
1842 4337 1880 4393 ut
