3966 5076
110 199 229 366 sa¹

491 331 498 342 ,
534 273 547 313 Ι

213 402 249 482 l)
213 393 483 466 lPronominis
502 393 638 464 relativi
658 391 748 484 apud
766 390 914 460 Graecos
937 391 1049 465 fornia
1067 397 1209 488 longum
1228 423 1291 492 per
1311 363 1449 494 tompus
1465 423 1485 475 a
1499 409 1654 506 simplice
1666 429 1801 506 prono·

111 518 205 590 mine
219 514 484 586 demonstrativo
498 513 586 582 nihil
603 511 796 596 differebat,
809 509 903 578 cuius
917 495 967 578 rei
981 535 1096 582 caussa
1106 514 1194 605 quae
1205 519 1249 586 sit
1265 531 1298 587 et
1310 521 1408 609 ratio,
1432 525 1461 608 ι.
1473 529 1503 594 7.
1518 529 1548 594 t
1571 534 1803 622 exposuimus.

110 637 228 724 'Atque
251 632 341 727 apud
362 633 557 729 Homerum
581 651 697 699 omnes
722 627 939 719 pronominis
963 629 1219 704 demonstrativi
1239 635 1391 725 formae,
1428 652 1464 708 ct
1482 649 1670 717 recentiore
1692 665 1801 721 aetate

99 753 202 866 apud
224 755 325 822 Iones
345 761 379 818 et
390 751 519 850 Dores,
542 769 627 836 quae
649 769 702 814 ar
716 746 852 816 littera
841 745 1010 836 incipiunt
1020 748 1170 836 formae,
1193 773 1257 840 pro
1271 755 1414 826 relativo
1429 775 1609 876 usurpatae
1619 757 1802 856 reperiun-

27 861 29 868 ’
110 885 176 940 tur.
221 869 326 940 Attici
340 891 423 936 vero
439 865 635 948 discrimen,
659 863 749 948 quod
764 863 971 930 relativum
958 875 1049 930 anter
1066 877 1101 931 et
1115 867 1456 958 demonstrativum
1432 899 1626 970 pronomen
1638 895 1804 953 cerasen-

111 989 257 1072 tiebant,
284 988 332 1052 ita
353 979 600 1068 significarunt,
632 992 673 1048 ut
691 982 728 1048 in
750 981 886 1048 relativi
908 1003 1008 1047 usum
1031 981 1228 1050 adhiberent
1242 983 1369 1053 formas
1378 995 1567 1081 ,aspiritu
1580 1013 1714 1087 aspere
1717 1001 1803 1068 inci·

109 1106 239 1194 pientes
255 1111 462 1184 accentuqne
475 1099 629 1185 signatas.
673 1099 796 1187 Neque
808 1099 877 1165 ulla
895 1097 985 1188 apud
999 1098 1116 1166 atticos
1129 1101 1308 1191 scriptores
1322 1107 1446 1172 veteris
1456 1131 1539 1178 usus
1555 1105 1641 1180 sunt*
1650 1118 1805 1184 testimo·

111 1221 184 1304 nia,
207 1217 272 1286 nisi
295 1213 385 1302 apud
404 1215 523 1302 poe'tas
547 1215 709 1302 tragicos,
729 1235 875 1302 quorum
896 1215 934 1280 in
949 1212 1072 1285 fabulis
1083 1215 1216 1286 formae
1234 1244 1255 1286 a
1269 1250 1287 1290 τ
1299 1221 1411 1290 littera
1424 1223 1623 1317 incipientes
1640 1252 1805 1302 nonnun-

97 1352 212 1422 'quam
233 1330 445 1422 pronominis
468 1331 600 1432 relativi
622 1333 697 1399 loco
711 1332 839 1424 positae
852 1342 942 1400 sunt·
985 1332 1282 1422 Quemadmodum
1300 1350 1415 1408 autem
1431 1366 1450 1408 e
1464 1347 1568 1428 ΊὈΣ,
1588 1345 1804 1420 demonstra·

112 1453 184 1518 tivo
208 1447 430 1538 pronomine,
452 1449 488 1528 ὅς
511 1445 692 1516 relativum
713 1449 840 1516 factum
866 1460 934 1516 ests
955 1429 1117 1536 cicestr,
1138 1453 1228 1541 quod
1242 1456 1453 1542 pronominis
1467 1457 1724 1534 demonstrativi
1738 1466 1805 1534 ali:

114 1567 248 1656 quando
269 1563 423 1632 habuisse
442 1567 721 1655 significationem
744 1564 813 1651 (ιιι.
827 1568 855 1650 §.
867 1570 900 1634 7.
921 1576 953 1632 et
968 1568 998 1631 9.
1017 1567 1084 1634 Νι.
1100 1563 1145 1654 8.)
1167 1567 1313 1656 dubitari
1341 1594 1412 1638 non
1426 1587 1553 1661 potest,
1576 1579 1711 1648 etiami
1730 1583 1800 1648 sive

110 1687 142 1761 ’ίς
162 1681 341 1751 relativum
359 1683 497 1780 videtur
511 1684 697 1753 formatum
713 1705 803 1770 esse,
834 1682 926 1766 cuius
943 1703 1027 1772 quae
1042 1683 1174 1772 singula
1190 1685 1329 1772 vestigia
1343 1691 1506 1778 reperisse
1520 1694 1618 1760 nobis
1633 1695 1801 1785 videmur,
1835 1720 1838 1728 ·
1894 1733 1898 1740 ·

111 1826 153 1870 ea
175 1803 204 1888 §.
220 1802 250 1872 6.
273 1802 304 1869 5.
325 1794 562 1906 exposuimus.¹
1628 1820 1631 1826 '

110 2087 114 2102 .
892 2016 926 2098 t·
955 2005 995 2079 9.
1037 2097 1040 2104 ,

107 2193 113 2206 .
194 2148 250 2204 DE
276 2131 570 2204 GRAECOR‘UM
602 2144 882 2204 PRONOMINE
908 2141 1190 2205 INDEFINITO
1218 2143 1274 2198 ET
1306 2109 1712 2210 tNTERROGATIVO.

204 2279 301 2362 1)11n
319 2276 459 2366 linguis,
480 2279 657 2372 dequibus
673 2280 729 2348 hio
742 2281 882 2370 agimus,
904 2299 1096 2368 pronomen
1110 2275 1325 2344 indefinitum
1340 2289 1373 2345 et
1384 2276 1665 2367 interrogativum
1680 2281 1799 2348 eodem

109 2396 279 2492 vocabulo
293 2397 541 2486 exprimuntur.
584 2395 624 2465 Id
639 2399 809 2486 quomodo
824 2397 901 2464 fieri
920 2395 1043 2486 possit,
1065 2396 1183 2479 §.m
1203 2394 1319 2485 paucis
1334 2395 1511 2483 attigimus.
1554 2397 1807 2470 Verumtamen.

114 2515 157 2582 de
179 2540 220 2582 ea
239 2538 277 2582 re
291 2513 398 2580 fusius
420 2515 661 2604 exponendum
685 2529 750 2600 est,
774 2537 878 2604 quum
893 2511 958 2582 ista
969 2507 1172 2603 pronomina
1186 2513 1290 2596 vulgo
1307 2509 1519 2599 plurimum
1508 2523 1598 2579 mter
1610 2539 1646 2580 se
1662 2515 1800 2581 differre

112 2633 299 2702 videantur.
354 2631 420 2698 Sed
449 2655 488 2698 re
513 2633 698 2702 accuratius
720 2630 871 2717 cognita,
899 2652 1084 2717 congruere
1107 2657 1147 2699 aa
1166 2629 1298 2719 potius,
1318 2647 1429 2732 'quam
1445 2627 1533 2693 inter
1553 2651 1589 2694 sc
1610 2629 1799 2719 discrepare
1852 2674 1858 2678 -

111 2750 312 2818 videbimus.
356 2747 550 2834 Utrumque
572 2748 663 2812 enim
682 2767 872 2837 pronomen
891 2768 983 2833 rem,
1007 2757 1122 2814 mente
1143 2745 1281 2833 quidem
1299 2755 1333 2809 et
1345 2741 1547 2830 cogitatione
1561 2768 1581 2812 a
1595 2747 1712 2814 ceteris
1729 2747 1800 2812 dis-

112 2869 277 2948 iunctam,
303 2861 361 2940 sed
384 2862 526 2929 eandem
546 2874 661 2930 tamen
678 2863 841 2930 incertam
856 2863 1037 2950 significat.
1098 2863 1144 2929 Et
1172 2861 1201 2927 si
1222 2871 1337 2928 nostra
1362 2881 1433 2926 non
1456 2847 1639 2926 admodum
1661 2837 1799 2920 interest

111 2981 212 3065 scire,
243 3001 327 3068 quae
356 2991 388 3045 et
411 2979 521 3067 qualis
539 2979 582 3046 sit
604 2969 661 3048 illa
686 3003 754 3067 res,
784 2995 858 3049 tum
879 2979 1086 3070 pronomine
1109 2979 1289 3047 indefinito
1312 2977 1457 3052 utimur3
1494 2974 1547 3035 sin
1571 2991 1655 3038 vero
1680 2971 1722 3033 ab
1745 2967 1796 3050 iis,

112 3098 310 3189 quibuscum
338 3097 580 3184 colloquimur,
610 3098 835 3188 postulamus,
868 3108 910 3162 ut
932 3096 974 3162 de
993 3121 1033 3165 ea
1054 3121 1108 3180 re,
1137 3094 1233 3161 nobis
1264 3089 1372 3158 adhuc
1393 3081 1528 3171 ignota,
1556 3106 1618 3150 nos
1640 3082 1798 3153 certiores

111 3214 256 3301 faciant,
284 3215 306 3281 i.
325 3225 358 3281 ι.
380 3215 409 3283 si
428 3239 485 3282 eos
505 3216 768 3302 interrogamus,
793 3214 908 3305 ‘aliqua
924 3209 1111 3309 necessaria¹
1131 3197 1182 3277 est
1201 3201 1472 3290 interrogationis
1493 3201 1701 3290 significatio.
1745 3199 1798 3266 Ac

112 3332 370 3424 saepequidem
389 3331 653 3402 conislflexione
674 3332 840 3399 maiorive
862 3323 1050 3395 intentione
1071 3326 1246 3396 audientes
1260 3309 1302 3390 ad
1319 3318 1592 3412 respondendum
1605 3317 1810 3407 invitamus·

110 3452 165 3518 Ita
193 3465 227 3518 et
249 3451 372 3524 Graeci
401 3465 434 3519 et
461 3448 606 3530 Romani
627 3449 740 3514 multis
761 3449 798 3514 in
824 3444 997 3512 sententiis
1018 3441 1270 3532 interrogativis
1291 3439 1492 3527 particulam
1517 3434 1795 3522 interrogativam

110 3589 345 3655 pronomcnve
370 3567 650 3656 interrogativum
680 3551 847 3633 omittunt.
892 3558 1310 3652 ct.soph.Antig.44·1.

326 3691 330 3702 Α
402 3693 461 3767 ’σὲ
480 3695 535 3782 δὴ,
558 3705 596 3767 σὲ
616 3695 671 3780 τήν
693 3702 839 3766 νεύουσαν
857 3697 890 3772 ἔς
910 3696 1006 3762 πέδον
1018 3693 1114 3782 ἰα’ρα,
1240 3682 1248 3692 ’

375 3885 379 3892 ,
428 3812 487 3908 φῇς
509 3817 528 3896 ἢ
548 3827 709 3904 καταρνεῖ,
736 3811 778 3902 pr}
804 3813 980 3899 δεδρακέναι
1001 3815 1090 3898 solda,

36 3995 39 4000 .
110 3936 189 4003 itia.
213 3934 286 4003 449.
845 3931 848 3938 '

424 4057 477 4120 καὶ
497 4047 560 4132 δῆτ’
581 4051 727 4137 ἐτόλμας,
757 4045 862 4126 τούςδ’
889 4043 1082 4133 ὑπερβαίνειν
1111 4046 1241 4133 adpone,
1298 4098 1301 4104 .
1388 4053 1392 4060 ’

110 4187 246 4256 Terent.
269 4187 456 4254 Heautont.
479 4185 523 4271 V,
549 4191 577 4271 l,
597 4186 649 4252 46.
1153 4169 1155 4182 ’
1236 4163 1239 4170 ,

422 4317 505 4386 Non
527 4332 621 4386 tute
649 4317 808 4388 cohibes?
838 4339 906 4385 non
934 4327 968 4384 te
987 4311 1148 4404 respicis?
