3966 5076
1873 153 1922 238 ll

232 377 300 462 oia
320 374 464 456 Brut.§.
483 373 558 438 300.
591 364 647 433 Tu
675 359 845 430 orationes
873 352 971 424 nobis
996 357 1119 424 veteres
1148 349 1361 442 replicabis?
1399 349 1493 422 Vs‘ro
1542 321 1923 446 inquom.0io.'1³use

199 487 293 580 '11‚
305 497 361 560 96.
405 487 524 559 Raeti
543 503 664 571 caepe,
692 476 811 562 oredo,
841 497 920 546 oum
938 472 1085 586 Athenis
1106 493 1210 554 essee,
1239 471 1276 536 in
1295 468 1419 539 ccfiolra
1434 471 1746 640 plriloqoplrorum?
1779 480 1862 546 Vero
1882 501 1924 560 ap

228 609 382 680 Ιιιιιιιιιιι
407 604 553 698 quidem.
640 603 643 632 ²
1786 623 1791 636 ι
1907 601 1912 634 ²

215 745 218 750 ’
332 751 440 842 Atqui
461 771 567 838 quum
588 746 625 815 in
645 742 885 850 interrogando
907 740 998 814 nulla
1012 737 1087 808 iere
1102 735 1197 806 notio
1219 733 1350 828 saepius
1364 751 1512 806 recurrat
1521 763 1655 828 ,quam
1668 765 1833 836 personae
1849 739 1921 813 siv'a

226 874 323 966 ηιμ
311 861 459 939 incertae
472 865 619 955 quidem,
639 859 704 928 aed
711 871 854 928 ecetero
869 869 982 924 ιιιιιιιι
997 877 1113 924 rerum
1128 846 1258 922 ordine
1263 867 1427 940 exemtae,
1451 853 1579 923 factum
1596 865 1666 944 est,
1679 872 1718 927 nt
1729 882 1926 947 pronomen

228 985 448 1058 indefinitum
463 983 586 1050 sensim
605 975 817 1070 pronominis
837 974 1073 1064 interro‘gativi
1088 969 1178 1038 vices
1191 973 1378 1040 sustineret.
1422 972 1487 1040 Sed
1504 947 1609 1060 quum
1625 972 1661 1039 in
1678 985 1823 1064 utroque
1838 1002 1921 1068 pro·

228 1103 369 1172 nomine
391 1095 777 1182 enuntiando‘qnaedam
794 1104 878 1160 esset
889 1093 965 1160 soni
982 1090 1173 1176 diversitas,
1197 1079 1319 1157 Graeci
1333 1089 1366 1156 id
1382 1101 1521 1157 accentu
1536 1089 1772 1176 significarunt.
1817 1095 1920 1162 Inde·

221 1192 324 1289 'finita
345 1212 659 1307 enimp'ronomina
682 1215 724 1282 ab
748 1211 790 1324 iia
809 1219 1034 1300 numerantur
1043 1210 1080 1276 in
1098 1206 1211 1276 verbis
1228 1206 1406 1290 encliticie,
1428 1206 1666 1295 interrogativa
1680 1220 1792 1275 autem
1806 1215 1920 1282 omnia

129 1391 133 1396 -
227 1351 306 1406 sunt
326 1329 601 1426 ὄρθὸτονοιιμεια.

331 1485 370 1566 9)
401 1483 587 1566 Deinceps
604 1473 783 1540 dicendum
812 1484 878 1556 est,
914 1493 998 1538 num
1034 1475 1081 1549 τίς
1114 1441 1320 1580 pronomen
1340 1439 1553 1539 indefinitum
1582 1485 1617 1539 et
1641 1473 1920 1560 interrogativum

226 1601 302 1668 iure
324 1600 414 1664 inter
436 1587 640 1683 pronomina
668 1589 895 1656 retulerimus.
938 1589 1029 1654 Nam
1060 1589 1096 1654 id
1124 1605 1214 1657 recte
1237 1587 1328 1672 fieri,
1356 1588 1561 1680 Apollonius
1581 1587 1782 1678 Dyscolus
1771 1613 1809 1658 ιιι
1827 1592 1919 1688 libro

225 1714 267 1781 de
288 1710 495 1782 Pronomrne
515 1731 550 1797 p
565 1703 641 1774 995.
671 1707 828 1794 negavit,
856 1705 994 1788 eiusque
1023 1705 1223 1773 sententiam
1245 1705 1333 1774 iuter
1356 1707 1559 1774 recentiores
1579 1717 1712 1772 secutus
1735 1721 1784 1778 est
1806 1707 1919 1778 Bern-

158 1893 165 1906 ,
225 1827 405 1918 hardyus
393 1850 430 1893 ιιι
445 1825 581 1912 linguae
600 1845 649 1912 gr.
668 1812 828 1912 syntaxi,
852 1845 886 1913 p.
900 1823 974 1889 439.
1017 1823 1082 1890 Sed
1099 1844 1184 1910 quae
1200 1809 1403 1914 Apollonius
1420 1848 1441 1891 a
1455 1821 1566 1890 forma
1579 1799 1679 1912 atque
1692 1805 1918 1914 declinatione

205 1944 346 2038 ,repetit
368 1952 586 2032 argumenta,
616 1953 655 2007 ut
681 1946 747 2022 τίς,
778 1946 815 2008 τί
841 1941 895 2009 ad
912 1939 1003 2007 aliud
1028 1941 1212 2007 verborum
1234 1963 1341 2029 genna
1362 1956 1461 2029 atque
1482 1940 1526 2007 ad
1546 1961 1737 2029 pronomen
1758 1940 1918 2022 referen-

223 2062 305 2130 dum
334 2083 405 2126 esse
435 2053 607 2140 ostendat,
631 2082 677 2124 ea
700 2081 770 2150 pro
792 2059 898 2170 nihilo
927 2071 1006 2125 sunt
1034 2057 1199 2125 habenda.
1244 2057 1399 2128 Primum
1422 2057 1514 2126 enim
1534 2055 1647 2162 forma
1659 2067 1704 2162 et
1726 2057 1914 2148 declinatio,

163 2215 194 2260 g
222 2201 328 2264 quum
350 2177 450 2262 plane
474 2173 592 2238 eadem
613 2174 657 2235 sit
668 2185 799 2256 ,atque
813 2159 1028 2260 pronominis
1048 2173 1325 2276 demonstrativi,
1347 2174 1433 2242 nihil
1449 2173 1610 2262 impedit,
1634 2155 1815 2261 quominus
1828 2199 1914 2268 pro-

225 2287 421 2352 nominibus
450 2285 723 2352 demonstrativis
754 2286 818 2352 hoc
845 2292 989 2353 verbum
1018 2271 1291 2352 adnumeremus.
1334 2287 1468 2374 Deinde
1493 2299 1626 2368 autem,
1653 2291 1682 2352 ai
1710 2313 1831 2361 verum
1852 2307 1914 2376 eat,

133 2399 137 2408 ’
183 2385 188 2392 ’
220 2383 316 2489 quod
344 2424 448 2493 snpra
472 2401 724 2484 contendimus,
754 2401 958 2506 pronomina
987 2401 1290 2469 demonstrativa
1278 2426 1317 2470 ιιι
1337 2401 1538 2467 universum
1557 2393 1710 2484 efficere,
1738 2417 1775 2470 ut
1797 2409 1913 2478 oculos

223 2531 418 2605 mentesque
453 2517 495 2587 ad
531 2541 604 2584 rem
639 2499 786 2605 aliquam
822 2530 1078 2600 convertamus,
1113 2541 1254 2606 eamque
1290 2541 1309 2584 e
1339 2539 1455 2585 rerum
1483 2517 1633 2586 eiusdem
1658 2521 1790 2608 generis
1818 2527 1914 2611 quasi

224 2635 360 2702 cumulo
381 2659 419 2701 ac
437 2635 524 2702 serie
543 2635 748 2721 eximamus,
772 2627 924 2780 apparet,
947 2635 1090 2704 eandem
1112 2635 1184 2700 vim
1207 2645 1241 2702 et
1260 2654 1474 2726 pronomen
1474 2633 1690 2703 indefinitum
1711 2649 1746 2704 et
1764 2641 1913 2709 iuterro-

223 2752 375 2840 gativum
395 2751 527 2818 habere.
558 2751 738 2837 Quare
711 2777 740 2817 ιι
761 2746 866 2837 ουτος,
887 2751 980 2837 niro,
1000 2759 1110 2832 τοῦτο,
1130 2750 1199 2836 ὅδε,
1219 2749 1344 2820 οιιιῖνα
1364 2763 1453 2821 recte
1466 2773 1504 2816 m
1519 2753 1781 2838 pronommlbus
1790 2783 1913 2830 nume
1935 2797 1936 2806 ι

202 2876 358 2949 rantur,
380 2865 417 2931 id
439 2864 528 2954 quod
550 2865 625 2954 §.t
643 2870 672 2929 1.
693 2867 848 2954 pluribus
870 2869 1148 2958 explanavimus,
1179 2837 1326 2935 dubitari
1342 2865 1477 2956 nequit,
1500 2859 1582 3000 quin
1602 2873 1649 2947 τίς
1672 2894 1804 2963 quoque
1824 2877 1926 2972 inter,

112 2975 116 2980 ’
223 2983 447 3072 pronomina
452 2981 495 3047 sit
512 2980 740 3081 referendum.

329 3132 362 3206 3)
393 3128 607 3194 Pronominis
635 3129 801 3198 indefiniti
829 3128 1090 3200 usitata-forma
1120 3143 1168 3198 est
1197 3136 1261 3217 τίς,
1290 3128 1492 3218 eademque,
1531 3145 1568 3200 ut
1593 3155 1695 3225 supra
1720 3143 1913 3232 expositum

224 3255 292 3328 est,
323 3243 558 3330 interrogativi
579 3243 719 3348 forma,
738 3247 795 3311 sed
823 3262 903 3316 sunt
924 3261 1100 3338 praeterea
1122 3249 1221 3316 etiam
1244 3249 1339 3316 aliae.
1384 3249 1536 3318 Primum
1558 3250 1661 3342 ipsius
1683 3256 1814 3324 articuli
1836 3259 1913 3326 ior·

221 3383 315 3428 mam
342 3359 464 3424 hunc
453 3382 490 3426 m
508 3360 648 3426 modum
677 3372 871 3448 usurpatam
900 3361 1020 3448 fuisse,
1051 3376 1130 3428 eunt
1159 3374 1249 3430 certa
1278 3362 1443 3430 nonnulla
1468 3363 1601 3433 indicia.
1644 3369 1737 3436 Nam
1760 3382 1816 3440 τοῦ
1824 3383 1918 3464 μιῇ,

222 3482 318 3593 rior,
338 3478 451 3561 τέοισι,
472 3487 566 3560 sotus,
587 3475 677 3560 ὅτων,
698 3475 813 3560 ὅτοισι,
836 3487 869 3544 et
888 3473 1007 3570 ficique,
1028 3497 1116 3564 quae
1128 3476 1297 3546 indefiniti
1312 3491 1346 3544 et
1361 3479 1595 3567 iuterrogativi
1609 3482 1685 3550 loco
1700 3486 1913 3578 dicuntum

222 3583 384 3678 quanam,
408 3592 473 3659 nisi
493 3616 538 3659 ex
559 3593 691 3660 articuli
709 3591 837 3678 forma,
859 3605 949 3662 recte
969 3593 1117 3661 derivari
1134 3596 1300 3712 possunt?
1328 3597 1442 3684 Negat
1457 3577 1592 3684 quidem
1606 3600 1671 3668 hoc
1686 3603 1912 3680 Buttmannus

223 3703 375 3774 Gramm.
399 3731 447 3795 gr.
469 3733 559 3778 max.
589 3713 617 3794 §.
637 3713 690 3776 77.
713 3695 790 3778 adn.
812 3716 843 3777 9.
867 3714 971 3793 et3.‚
1000 3724 1035 3776 ct
1057 3711 1115 3776 has
1136 3695 1348 3800 pronominis
1370 3709 1554 3782 indefiniti
1561 3713 1688 3786 formae
1708 3721 1748 3787 ab
1770 3723 1910 3792 articulo

221 3820 378 3910 primitus
408 3823 554 3894 diversas
579 3826 682 3894 fuisse
710 3826 893 3896 contendit.
937 3827 1034 3914 Quae
1055 3839 1170 3894 autem
1193 3827 1260 3897 duo
1281 3831 1465 3900 sententiae
1483 3854 1564 3898 suae
1582 3834 1683 3902 affert
1702 3855 1909 3928 argumenta,

201 3959 262 4049 ¹aa
283 3959 356 4002 rem
379 3959 449 4001 non
472 3939 632 4030 videntur
655 3944 813 4030 probare.
856 3944 1015 4054 Alterum
1039 3955 1106 4026 est,
1139 3943 1230 4048 quod
1252 3946 1415 4052 articulus,
1434 3947 1498 4014 tria
1513 3947 1632 4018 habeat
1645 3973 1909 4040 genera,‚voces

223 4067 335 4121 autem
366 4049 456 4135 eae,
476 4073 557 4138 quas
585 4078 648 4142 pro
675 4058 849 4126 indefinito
876 4045 1078 4147 pronomine
1107 4060 1173 4128 dici
1200 4085 1303 4152 supra
1331 4061 1533 4146 docuimus,
1559 4069 1691 4169 generis
1717 4071 1791 4146 siut
1813 4099 1908 4144 com-

220 4169 341 4234 munis
391 4169 441 4236 At
469 4170 617 4258 primum
650 4139 806 4238 feminini
844 4173 946 4238 etiarn
980 4180 1111 4262 generis
1142 4177 1255 4244 forma
1283 4176 1497 4290 quaedam‘
1479 4183 1580 4284 οτὲισι
1610 4197 1711 4284 qxtat.
1772 4191 1907 4286 Deinde

135 4305 140 4315 ’
219 4279 383 4367 Graecos,
424 4308 527 4372 quum
562 4289 599 4352 in
637 4288 743 4356 altera
770 4291 980 4418 pronominis
1007 4292 1175 4362 indefiniti
1206 4293 1317 4364 forma
1343 4311 1391 4371 ’τις
1417 4249 1540 4382 generi
1567 4275 1830 4404 confunderent,
1868 4307 1912 4405 ιιι

1446 4413 1516 4478 1⁷2
1680 4384 1936 4550 ,ἰ
