3966 5076
69 464 284 536 Guilhelmus
305 435 510 548 Schlegelius
528 449 691 550 feceruut.
735 437 785 506 Ut
798 429 923 504 antem
941 427 1019 498 lieri
1040 423 1179 511 assolet,
1207 432 1247 488 nt
1265 411 1322 488 res
1337 415 1525 506 praeclara,
1538 359 1759 502 'simulatque

70 585 203 676 cognita
222 596 289 670 eat,
311 603 333 648 a
352 575 466 646 multis
488 577 684 661 appetaturz
711 557 758 624 its
777 554 899 639 ctiam,
922 567 1029 636 quum
1042 542 1085 610 ad
1100 539 1296 608 sarsscritam
1309 533 1462 620 linguam
1478 531 1618 620 eiusque
1631 551 1758 606 monu-

72 714 187 772 menta
206 701 315 769 aditus
335 706 421 762 esset
439 685 640 781 patefactus,
662 676 769 744 'multi
787 671 856 739 riri
881 659 1066 734 doctissimi
1086 656 1129 724 ad
1153 655 1224 720 eiua
1239 648 1390 751 studium
1408 649 1646 716 incubuerunt.
1691 643 1762 730 Qui

77 839 182 904 quum
203 817 314 884 multa
335 813 377 880 de
400 806 564 878 Indorum
590 790 823 886 philosophia,
845 782 990 866 artibus,
1012 777 1113 844 rebus
1129 769 1229 838 sacris
1253 767 1405 860 corebus
1425 765 1525 852 gestis
1547 761 1678 852 egregie
1696 779 1762 826 ex-

73 936 281 1024 posuissent,
305 943 375 996 tum
398 924 499 991 etiam
522 917 564 982 de
585 914 658 1002 ipsa
676 911 811 996 lingua,
834 903 876 968 de
890 899 960 966 aius
976 892 1123 980 origine,
1146 887 1186 952 do
1202 882 1339 970 singulis
1354 881 1503 968 deniquo
1512 880 1625 949 verbis
1639 889 1672 943 et
1685 873 1763 942 fot·-

75 1052 141 1120 mis
162 1050 311 1118 docta'et
334 1048 486 1109 accurate
508 1019 746 1122 disseruerunt,
791 1023 913 1108 Neque
936 1037 1011 1096 ecs,
1033 1005 1112 1094 quid
1134 999 1223 1072 inter
1236 1001 1385 1087 linguam
1399 997 1546 1063 indicam
1563 1007 1596 1062 et
1610 1011 1764 1082 graecam

76 1168 282 1252 latinamque
308 1171 393 1226 esset
412 1145 663 1227 similitudinis,
696 1143 756 1208 diu
777 1141 882 1206 latere
899 1127 1020 1220 potuit.
1066 1122 1146 1209 Quo
1170 1119 1258 1186 miro
1274 1135 1438 1182 consensu
1454 1121 1559 1199 quum
1574 1111 1616 1179 ad
1631 1109 1765 1194 lingua-e
1804 1103 1809 1114 '

76 1307 156 1358 rum
178 1284 268 1349 inter
288 1300 324 1344 se
347 1266 652 1360 comparandarum
672 1257 820 1326 studium
840 1248 945 1336 magis
966 1240 1077 1310 allecti
1099 1238 1180 1304 alias
1201 1255 1335 1322 quoque
1351 1231 1482 1316 linguas
1499 1227 1566 1293 huc
1585 1231 1768 1314 nequeant

79 1402 191 1466 minus
212 1395 357 1483 cognitas
381 1401 440 1456 aut
459 1383 599 1454 omnino
624 1401 695 1444 non
715 1371 940 1440 consideratas
962 1355 1147 1467 accuratius
1168 1350 1387 1419 excessissent
1406 1345 1561 1431 interque
1576 1365 1612 1406 se
1625 1349 1768 1406 conten·
1815 1369 1817 1379 ι

81 1517 223 1600 dissent,
252 1509 428 1602 paullatim
450 1503 514 1572 sibi
533 1485 968 1590 persuaserunthlinguam
991 1495 1161 1562 graecam,
1189 1468 1327 1532 latinam
1338 1489 1355 1546 ,⁴
1375 1481 1590 1547 germanam,
1611 1449 1772 1532 letticam,

82 1632 258 1717 clavicam,
287 1609 473 1720 persicam,
497 1643 535 1688 ac
556 1618 631 1710 fere
651 1629 767 1678 omnes
789 1601 869 1670 iude
892 1590 1057 1676 aGangis
1075 1582 1243 1654 littoribus
1267 1591 1372 1664 usque
1389 1575 1431 1640 ad
1447 1557 1540 1640 mare
1556 1568 1771 1640 Atlanticum

83 1761 231 1840 repertas
253 1743 463 1838 cognati-onis³
480 1739 572 1805 inter
593 1756 628 1798 se
647 1723 783 1797 vinculo
798 1710 964 1786 contineri
982 1719 1016 1774 et
1028 1704 1069 1771 ad
1084 1723 1188 1767 unam
1203 1694 1489 1783 quasiparentem
1505 1698 1603 1772 atque
1618 1683 1771 1751 omnium

83 1867 343 1958 procreatricem
369 1883 439 1932 esse
463 1849 666 1924 referendas.
716 1840 836 1926 Quum
862 1852 946 1900 vero
976 1834 1067 1892 recte
1094 1814 1337 1899 intelligerent,
1372 1808 1458 1874 hanc
1482 1803 1676 1889 linguarum
1702 1799 1776 1868 mi·-

85 2009 160 2054 ram
181 1984 270 2053 inter
296 2007 333 2050 se
358 1969 617 2045 similitudinem
643 1984 714 2028 non
734 1955 864 2024 temere
890 1965 1000 2031 neque
1021 1959 1100 2004 casu
1122 1929 1205 2030 oriri
1228 1923 1394 2017 potuisse,
1416 1901 1626 2004 statuerunt,
1649 1913 1780 2005 sivein

87 2093 312 2192 Casohmiriae
332 2079 486 2162 confiniis
508 2085 580 2151 sive
601 2080 639 2146 in
660 2077 724 2144 alia
746 2086 944 2176 quacunque
957 2056 1060 2126 Asiae
1074 2049 1229 2136 regione·
1242 2044 1451 2132 temporibus
1466 2031 1715 2118 remotissimis,
1737 2029 1797 2098 dc·

89 2217 209 2308 quibus
230 2215 315 2284 nihil
337 2220 423 2280 esset
444 2201 620 2298 proditum
638 2191 842 2271 memoriae,
875 2177 1040 2272 populum
1065 2161 1474 2256 quendamhabitavisse,
1500 2179 1539 2224 ac
1551 2154 1781 2240 linguausum

479 2343 560 2413 quas
580 2317 672 2385 inter
693 2333 729 2377 ae
748 2313 905 2394 cognatas
918 2318 988 2362 esse
1000 2292 1261 2382 perspexerant,
1286 2279 1381 2363 quasi
1395 2286 1503 2344 mater
1518 2261 1604 2340 esset
1619 2259 1783 2334 habendas

92 2456 161 2526 Hic
188 2454 281 2524 enim
303 2447 470 2544 populus,
507 2460 615 2528 quum
640 2423 835 2519 aliquandiu
854 2419 892 2485 in
912 2409 1031 2506 primis
1055 2405 1125 2473 istis
1144 2395 1500 2482 sedibusconiunctus
1522 2387 1683 2468 vixisset,
1709 2371 1794 2446 sive‘

25 2581 33 2600 ‘
94 2565 300 2670 accrescente
320 2567 499 2638 hominnm
516 2550 733 2625 multitudine
752 2542 824 2621 sive
847 2535 921 2604 aliis
938 2531 1040 2600 ,rebus
1063 2534 1195 2590 coactus
1210 2537 1265 2582 eas

95 2695 223 2766 triones
241 2711 375 2771 versus,
402 2681 532 2773 pantim
547 2677 585 2742 in
603 2666 833 2752 occidentem,
860 2648 986 2744 partim
1006 2643 1167 2736 aliorsum
1186 2605 1361 2723 migravit,
1388 2630 1487 2704 atque
1508 2612 1729 2710 ita'divarsae
1743 2627 1788 2673 ex

98 2837 139 2882 eo
158 2809 312 2880 nationes
334 2815 432 2869 natae
451 2798 539 2868 sunt.
584 2787 662 2855 ttae
695 2779 848 2848 nationes
878 2755 1031 2858 quamvis
1060 2752 1202 2823 eandem
1223 2746 1394 2830 linguam,
1424 2757 1490 2824 qua
1512 2709 1688 2818 inprimis
1707 2743 1790 2792 usae

1116 2862 1399 2952 nt,'retiuerent,
1422 2864 1534 2918 tamen
1550 2867 1625 2912 eam
1638 2845 1791 2924 tempore
1850 2915 1852 2924 s

99 2929 237 2996 fuerant
256 2921 390 2991 seduna
413 2914 498 2996 suis,
528 2907 628 2976 etiam
650 2913 739 2982 tum,
760 2913 865 2984 quum
887 2908 932 2952 ex
949 2882 990 2949 iis
1008 2876 1115 2944 exisse

888 2975 891 2982 Ι
1137 2988 1172 3053 it.
1200 2980 1306 3079 'Nam
1319 2970 1427 3055 longis
1441 2961 1615 3030 itineribus
1630 2953 1793 3038 terrisque

101 3043 339 3138 progrediente
351 3031 525 3128 paullatim
541 3015 749 3110 multimodis
768 3001 942 3078 immutari
954 2992 1086 3066 necesse
1097 2989 1135 3056 fu

106 3164 292 3234 disiunctae
321 3155 406 3224 aliae
429 3149 575 3219 aliorum
600 3133 844 3208 vocabulorum
869 3138 992 3188 sonum
1015 3119 1074 3178 aut
1093 3093 1372 3190 significationem
1392 3063 1703 3157 commutaverunt,
1730 3068 1795 3136 atis

108 3282 212 3350 verba
232 3266 409 3369 paullatim
428 3267 632 3341 amiserunt,
660 3253 727 3321 alia
749 3243 913 3330 denique,
932 3241 1036 3325 prout
1053 3222 1143 3296 ratio
1161 3228 1262 3302 atque
1277 3207 1357 3276 usus
1377 3188 1558 3289 flagitavit,
1581 3193 1796 3259 invenerunt.

110 3391 306 3468 lutacium
330 3404 397 3476 est,
418 3399 457 3453 ut
477 3386 540 3452 bae
561 3377 699 3462 linguae
721 3362 851 3432 variam
867 3353 1011 3443 quidem.
1023 3343 1145 3412 faciem
1159 3333 1303 3402 habeant
1317 3336 1350 3392 et
1364 3315 1531 3388 multicia
1543 3315 1642 3380 rebus
1658 3307 1748 3374 inter
1761 3325 1797 3369 se

103 3505 286 3600 differant,
307 3511 365 3579 sed
378 3523 511 3586 tamen,
532 3496 561 3562 si
580 3484 765 3560 accuratius
778 3501 832 3546 eas
845 3476 934 3544 inter
946 3485 981 3534 se
997 3452 1266 3549 comparaveris,
1298 3457 1331 3512 et
1344 3437 1438 3530 quasi
1453 3436 1491 3501 in
1509 3427 1664 3535 intimam
1680 3437 1814 3520 aarum,
1893 3493 1897 3498 Ι
1957 3407 1959 3411 ’

116 3647 270 3706 naturam
290 3641 389 3718 atque
408 3620 558 3692 indolem
580 3597 778 3686 intraveris,
801 3618 857 3664 eas
872 3584 1058 3658 arctissimo
1073 3560 1279 3660 cognationis
1294 3557 1431 3628 vinculo
1447 3539 1612 3615 contineri
1627 3543 1802 3626 appareat:
1919 3513 1925 3527 x

119 3757 171 3824 Ita
189 3752 247 3841 qui
261 3749 298 3816 in
311 3759 380 3814 una
392 3741 493 3808 domo
507 3731 582 3800 nati
591 3738 671 3794 sunt
685 3733 719 3788 et
733 3710 882 3798 educati,
905 3695 1058 3792 quamvis
1074 3693 1208 3758 diversa
1223 3679 1312 3747 vitae
1328 3688 1450 3758 genera
1463 3667 1670 3747 sequantur,¹
1689 3663 1804 3717 tamen

736 3835 739 3841 ’
805 3831 812 3845 ’
879 3849 898 3891 c
920 3820 1038 3887 solent.
1059 3893 1061 3900 s
1087 3808 1184 3875 Haec
1210 3807 1324 3866 autem
1347 3787 1539 3873 linguarum
1562 3768 1744 3839 similitudo
1765 3787 1806 3831 eo

125 3991 233 4078 tnagis
254 3990 292 4056 in
311 3981 428 4052 oculos*
443 3966 602 4050 incurrit,
629 3981 695 4050 qno
711 3962 769 4022 aut
786 3941 974 4014 vetustiora
986 3925 1177 4019 linguarum
1191 3915 1411 4014 monumenta
1423 3901 1563 3971 interae
1575 3885 1808 3964 conferuntur,

84 4175 88 4185 ,
131 4119 188 4178 aur
210 4129 277 4195 quo
292 4097 478 4188 religiosius
489 4103 592 4174 atque
604 4073 752 4147 tenacius
762 4062 908 4157 populus
923 4056 1056 4140 linguae
1071 4038 1300 4124 antiquitatem
1316 4020 1431 4091 coluit.
1474 4012 1553 4098 Quo
1566 4007 1602 4072 in
1616 4021 1738 4089 genere
1753 3996 1811 4079 in-

1087 4173 1161 4227 tum
1176 4154 1213 4219 in
1233 4144 1327 4216 omni
1341 4141 1457 4224 lingua
1470 4121 1699 4207 antiquitatem
1713 4111 1823 4198 tutati,

133 4225 250 4322 primis
271 4220 349 4290 Indi
363 4211 556 4288 'excellunt,
584 4197 642 4287 qui
663 4210 768 4280 quum
790 4184 827 4250 in
850 4177 923 4246 aliis
948 4172 1066 4250 rebus,

133 4357 231 4417 sunt:
266 4338 368 4408 Cuius
387 4330 439 4399 rei
459 4341 608 4394 caussam
621 4316 710 4381 banc
726 4327 795 4371 esse
809 4297 972 4376 arbitror,
1002 4281 1092 4374 quod
1106 4301 1124 4343 e
1139 4264 1289 4363 pristinis
1301 4259 1368 4326 suis
1383 4249 1515 4320 sedibus
1528 4234 1625 4304 tuens
1639 4252 1677 4298 ac
1690 4227 1758 4295 cito
1772 4225 1814 4294 ad
1833 4297 1836 4304 Δ

139 4462 266 4553 Gangis
284 4458 392 4548 ripas,
414 4467 506 4518 nora
527 4423 791 4510 sua'domicilia,
809 4414 1053 4510 ,pervenerunt
1071 4407 1105 4464 ct
1123 4407 1244 4488 magna
1260 4401 1304 4448 ex
1316 4381 1415 4466 parte
1427 4365 1594 4447 integram
1608 4359 1641 4416 et
1656 4347 1815 4416 incorru-
