4238 5080
274 1583 280 1590 ι
302 1662 304 1670 .
368 1557 555 1696 Romani,
578 1629 681 1702 quum
698 1620 731 1676 et
746 1603 838 1674 lama
851 1603 1065 1694 accepissent,
1085 1623 1244 1691 magnam
1260 1597 1568 1692 antiquissimorum
1586 1600 1704 1672 Italiae
1716 1572 1906 1670 incolaruml

363 1739 451 1802 olim
474 1755 518 1800 ex
550 1729 691 1796 Graecia
719 1705 869 1809 venisse,
911 1735 946 1788 et
968 1723 1033 1813 ipsi
1058 1721 1148 1788 inter
1171 1745 1266 1790 suam
1285 1741 1505 1810 graecamque
1526 1721 1676 1809 linguam
1697 1723 1910 1790 maximami

239 1831 244 1840 ¹
286 1907 289 1910 -
366 1848 584 1925 intercedere
598 1835 878 1928 similitudinem,
889 1823 992 1912 ,tac'ile
1013 1838 1049 1904 in
1070 1861 1144 1905 eam
1160 1815 1410 1906 adducebantur
1422 1835 1641 1926 opinionem,
1663 1849 1701 1904 ut
1713 1839 1853 1906 latinam
1871 1837 1914 1910 liri

365 1949 488 2057 graeca¹
496 1977 618 2054 ,ortam
641 1961 780 2047 eiusque
800 1957 895 2046 quani
910 1955 1015 2054 filiam
1032 1977 1102 2020 esse
1116 1955 1300 2022 crederent.
1337 1955 1462 2042 'Quare
1480 1978 1524 2020 ex
1540 1953 1748 2062 Graecorum
1765 1955 1879 2044 lingua
1896 1983 1917 2048 p

365 2069 532 2158 vocabula
561 2101 600 2145 ac
619 2077 746 2144 multas
774 2073 1037 2142 declinationum
1061 2083 1095 2138 at
1121 2071 1398 2160 coniugationum
1425 2069 1552 2140 formas
1576 2071 1795 2158 repetebant,
1825 2074 1921 2140 relict

243 2207 252 2220 “
367 2207 491 2290 omnia,
515 2219 599 2289 quae
621 2215 682 2260 sua
694 2193 811 2279 lingua
824 2188 1117 2278 babebat'propria
1131 2209 1169 2254 ae
1185 2186 1483 2290 quasidomestica,
1507 2211 1547 2254 ea
1561 2211 1605 2254 ex
1619 2188 1741 2276 linguis
1755 2189 1926 2291 illorump

366 2337 466 2405 rum,
495 2315 555 2401 qui
574 2311 612 2373 in
632 2308 751 2388 Latio,
778 2304 915 2370 Etruria
936 2317 1114 2387 ceteraque
1130 2304 1225 2372 Italia
1239 2305 1423 2388 antiquitus
1437 2303 1695 2389 habitavissent,
1712 2304 1850 2373 fluxisse
1865 2310 1929 2400 opit

368 2453 436 2506 tur,
480 2429 599 2511 Atque
624 2421 689 2488 ista
709 2418 845 2509 opinio,
868 2439 953 2506 quae
972 2418 1042 2484 iam
1067 2417 1157 2505 apud
1179 2417 1353 2490 Romanos
1379 2414 1544 2496 obtinuit,
1574 2415 1750 2484 adnostra
1769 2440 1875 2507 usque
1897 2435 1933 2510 te

367 2557 554 2646 propagata
579 2552 637 2606 eat.
681 2539 710 2604 F
712 2547 836 2602 uerunt
859 2535 951 2601 enim
966 2533 1120 2621 quidem,
1144 2534 1219 2620 qui,
1243 2556 1346 2622 quum
1357 2531 1551 2600 Gothorum
1564 2531 1693 2600 litteras
1708 2534 1837 2624 aliaque
1851 2535 1936 2627 prise

306 2732 309 2758 ,
368 2665 579 2738 manicarum
598 2655 795 2742 linguarum
817 2660 1040 2738 monumenta
1052 2660 1370 2739 perscrutarentur,
1391 2670 1587 2736 germanam
1603 2672 1738 2739 quoque
1758 2651 1910 2741 linguam
1931 2656 1940 2721 l

369 2769 574 2852 simillimam
594 2793 664 2838 esse
683 2768 926 2858 intelligerent,
945 2778 1013 2854 ete
1027 2765 1241 2854 germanicae
1258 2765 1393 2852 linguae
1404 2763 1508 2830 initiis
1520 2761 1608 2832 banc
1622 2789 1691 2834 esse
1704 2772 1925 2860 repetendam
1940 2805 1944 2835 t

367 2907 462 2978 rent,
482 2888 564 2969 reti,
585 2886 680 2950 illam
699 2883 740 2950 ab
753 2885 794 2950 iis
806 2885 958 2975 populis,
983 2873 1100 2972 quiex
1116 2883 1213 2949 terris
1229 2879 1546 2972 septentrionalibus
1563 2881 1601 2948 in
1614 2883 1746 2952 Italiam
1764 2886 1948 2976 immigrav,
1976 2875 1979 2996 l

341 3026 346 3035 '
368 3015 502 3083 allatam
519 3025 598 3071 asae.
642 2997 708 3064 Sed
723 2998 781 3064 isti
795 2999 881 3066 nibil
896 2999 1020 3064 dixisse
1034 2999 1258 3099 videbantur,
1283 3019 1347 3062 nec
1361 3008 1521 3085 poterant
1533 2997 1582 3064 ita
1597 2998 1794 3088 opinionem
1811 3003 1869 3076 diu
1883 3007 1951 3074 inv«

331 3174 342 3186 ,
368 3146 439 3200 tam
469 3146 513 3190 ex
534 3117 714 3186 hominum
734 3113 856 3182 animis
877 3115 1038 3200 evellere,
1075 3137 1178 3201 quum
1207 3114 1403 3204 praesertim
1430 3111 1583 3202 plerique
1602 3127 1760 3184 veterum
1785 3125 1979 3206 germanie*

305 3277 309 3286 ’
367 3249 557 3317 litterarum
582 3233 683 3301 rudes
704 3244 736 3298 et
756 3231 866 3320 ignari
887 3244 1012 3315 essent,
1040 3245 1075 3298 et
1098 3253 1184 3318 quae
1201 3230 1266 3321 ipsi
1286 3230 1507 3316 ignorabant,
1534 3227 1706 3300 fastidiose
1724 3254 1933 3324 respuerent.
1978 3205 1979 3296 l

369 3361 509 3430 vissimo
525 3354 663 3424 demum
680 3361 857 3439 tempore,
871 3349 1042 3434 quomodo
1058 3348 1116 3415 illa
1130 3361 1201 3414 tam
1213 3347 1301 3412 mira
1316 3370 1472 3434 graecae,
1494 3347 1617 3414 latinae
1630 3351 1907 3440 germanicaeqne
1920 3361 1963 3427 lif,

368 3484 459 3551 inter
482 3497 519 3540 se
538 3447 722 3536 similitudo
744 3475 817 3530 orta
838 3463 898 3545 sit,
921 3463 1131 3530 intellectum
1152 3485 1190 3529 ac
1212 3462 1312 3551 plane
1335 3464 1435 3528 novis
1458 3463 1666 3550 argumentis
1679 3463 1878 3538 illustratum
1894 3495 1966 3543 com

253 3651 256 3658 .
334 3582 336 3590 ’
369 3581 553 3680 natumque
579 3567 649 3652 eat..
682 3583 775 3649 Nam
788 3579 950 3658 William
972 3579 1091 3665 Jonas,
1112 3579 1216 3646 homo
1229 3577 1382 3667 Anglus,
1404 3567 1514 3644 v'eteri
1537 3592 1572 3644 et
1586 3591 1717 3684 sanctae
1729 3584 1894 3658 Indorum
1908 3593 1971 3683 ling

370 3731 472 3798 quam
493 3705 688 3775 sensoritam
710 3710 849 3780 vocant,
871 3696 1003 3788 primus
1026 3707 1058 3762 et
1077 3696 1150 3795 ipse
1168 3717 1328 3784 magnam
1352 3695 1493 3763 navavit
1516 3719 1654 3787 operam
1677 3699 1801 3768 eteius
1822 3699 1974 3778 studium}

370 3825 530 3912 exemplo
566 3842 692 3908 suaque
728 3814 929 3883 auctoritate
959 3813 1114 3880 omnibus
1144 3811 1342 3880 cultioribus
1373 3812 1506 3902 populis
1529 3813 1763 3906 maximopere
1790 3827 1979 3906 commend

369 3943 553 4027 Postquam
571 3934 764 4024 aliquandiu
785 3931 849 3999 soli
861 3929 965 4018 Angli
984 3929 1026 3996 ad
1045 3929 1140 3996 illam
1156 3927 1304 4016 linguatu
1320 3930 1473 3996 animum
1489 3931 1723 4018 attenderunt,
1743 3935 1842 4004 etiam
1858 3941 1947 4030 apud
1962 3970 1979 4012 c

369 4079 426 4125 ros
442 4056 599 4142 Europae
615 4051 760 4138 populos
780 4049 903 4116 sensim
925 4071 963 4112 ac
984 4045 1190 4137 pedetentim
1205 4047 1360 4132 cognosci
1372 4045 1494 4136 coepit.
1535 4048 1652 4134 Atque
1667 4073 1687 4115 e
1701 4054 1902 4124 nostratibus
1920 4061 1979 4146 qui<

370 4168 564 4240 homiuibus
583 4163 782 4232 Friderieus-
797 4162 1019 4262 Schlegeiius,
1045 4162 1136 4247 quod
1160 4161 1316 4248 equidem
1336 4162 1459 4248 sciam,
1494 4163 1626 4254 primus
1643 4159 1730 4254 tuit,
1761 4170 1819 4258 qui
1842 4175 1979 4260 animun

372 4273 519 4358 studium
540 4278 796 4349 absansoritam
815 4276 964 4363 linguam
990 4278 1193 4366 applicaret,
1215 4274 1351 4364 suisque
1370 4281 1593 4369 popularibus
1613 4269 1731 4350 auctor
1744 4301 1830 4356 esset
1844 4301 1877 4356 et
1890 4293 1979 4360 horn

370 4415 409 4473 ut
431 4397 750 4487 suum'exemplum
783 4405 1018 4482 sequerentur,
1051 4393 1087 4459 id
1118 4395 1205 4482 quod
1234 4395 1347 4503 paullo
1369 4407 1444 4485 post
1472 4397 1640 4488 Boppius,
1669 4399 1853 4490 Frankius,
1883 4408 1979 4498 Augu

684 4517 686 4524 ’
1496 4529 1500 4536 ’
1620 4515 1658 4582 Α
