3966 5076
17 184 175 266 ¹=10

11 384 20 404 ’“
118 385 309 484 penultima
329 379 519 476 products,
545 379 705 451 addatur·
741 407 902 451 emcmc
930 407 997 452 mer
990 383 1060 453 fit
1080 384 1282 454 memfibos*
1269 389 1471 482 ,mameti,
1499 397 1699 468 mcsmfilom
1719 426 1826 494 meus,

55 583 60 592 ‚
119 531 160 591 o,
190 527 267 584 um3
291 525 310 569 e
336 511 420 568 toro
447 495 651 588 tcvdkos,
636 525 668 584 ι,
696 525 776 587 om,
803 513 902 588 tous,
934 526 976 589 a,
1006 527 1076 571 um.
1120 504 1251 573 Eodem
1275 509 1379 576 modo
1399 501 1577 603 asmctos;
1599 518 1824 612 juscbmnkas

121 619 190 690 dici
218 617 387 710 potuisse,
414 611 489 704 quis
519 623 589 701 est,
623 619 681 705 qui
708 619 836 688 infitias
863 619 943 686 eati
994 621 1057 690 Ea
1073 635 1186 690 autem
1216 617 1378 713 plurativi
1403 633 1591 718 possessivi
1614 639 1827 728 pronominis

38 755 41 771 '
122 737 238 807 forma
261 734 463 814 obsolevit,
470 731 609 823 eiusque
627 736 767 825 vestigia
787 737 824 806 in
845 761 916 804 uno
938 736 1081 826 genitivi
1103 739 1278 828 utriusque
1302 739 1513 834 pronominis
1535 750 1659 840 plurali
1679 774 1825 825 numero

125 852 329 986 comedam,
341 847 587 940 joschmckcm
610 866 801 943 supersunt.
840 854 1140 942 Quemadmodum
1160 869 1273 925 autem
1296 861 1392 946 Indi,
1415 885 1493 933 cum
1515 869 1686 954 genitivus
1707 876 1828 963 plura-

7 998 11 1010 ·
123 975 168 1042 tis
196 959 330 1042 numeri
358 968 503 1056 deesset,
532 971 744 1057 pronominis
771 969 952 1062 possessivi
982 969 1111 1040 formas
1142 974 1380 1047 adsciverunt:
1416 981 1465 1050 ita
1495 985 1644 1054 Romani
1676 1007 1827 1074 quoque,

126 1112 232 1180 quum
260 1085 430 1176 genitivus
459 1085 638 1174 pluralis
627 1113 665 1155 ιιι
694 1089 813 1160 iisdem
843 1088 1102 1180 pronominibus
1130 1093 1243 1160 nescio
1279 1119 1347 1184 quo
1375 1111 1473 1188 pacto
1501 1096 1740 1181 intercidisset,
1780 1086 1833 1164 ad
1883 1147 1885 1155 ,

126 1202 540 1298 pronomina·possessiva
559 1203 804 1293 confugerunt,
833 1217 867 1274 et
885 1201 1076 1295 secundum¹
1097 1207 1226 1280 formas
1245 1215 1332 1300 mei,
1362 1215 1430 1292 sci,
1458 1208 1516 1272 scs·
1533 1209 1634 1278 etiam
1655 1213 1766 1279 nostri
1786 1227 1820 1282 et
1910 1275 1912 1280 .

128 1321 234 1390 vestri
247 1319 418 1404 dixerunt,
432 1317 492 1405 (cl.
508 1342 612 1412 supra
626 1323 747 1410 Nes)
755 1347 766 1406 3
786 1328 820 1389 et
837 1344 942 1410 quum
956 1323 993 1390 in
1002 1330 1303 1396 constructionibus
1316 1321 1528 1410 quibusdam,
1548 1329 1750 1416 praesertim
1764 1331 1840 1414 ubi‘

129 1440 158 1507 is
180 1437 348 1527 genitivus
369 1437 548 1525 ponendus
570 1451 661 1521 erat,
690 1461 791 1526 quem
813 1453 937 1508 vocant
949 1443 1167 1528 partitivpm,
1197 1455 1287 1508 certa
1306 1439 1447 1527 pluralis
1467 1445 1603 1533 numeri
1623 1435 1822 1533 significatio

129 1557 306 1625 videretur
328 1576 399 1622 esse
414 1555 619 1640 necessaria,
642 1557 744 1623 etiam
766 1569 922 1633 {rostrum
944 1569 979 1622 et
1000 1570 1148 1625 vestrum
1164 1555 1290 1620 formas
1312 1552 1418 1622 lactas
1440 1581 1509 1625 esse
1523 1563 1681 1630 arbitror.
1709 1564 1822 1630 ‘Lon-

129 1671 261 1766 giorem
281 1671 387 1744 ,etiam
405 1669 552 1738 formam
570 1683 779 1755 nostrorum,
801 1684 988 1741 vestrorum
1007 1673 1045 1740 in
1060 1695 1122 1740 usu
1144 1659 1263 1754 fuisse,
1287 1671 1435 1738 declarat
1450 1671 1580 1744 Gellius
1592 1680 1665 1763 l.l.,
1686 1681 1744 1768 qui
1760 1681 1782 1746 l.
1796 1682 1819 1750 1.
1849 1669 1851 1680 ¹

131 1791 216 1858 baec
237 1788 355 1856 habet:
376 1786 620 1876 Multifisricm
641 1789 808 1876 cereptum
826 1801 876 1856 est
900 1799 1140 1858 vestrorum
1154 1809 1221 1878 pro
1238 1791 1447 1872 vestrum,
1470 1789 1525 1856 cti
1543 1790 1580 1857 in
1598 1795 1725 1866 Plauti
1739 1797 1820 1869 Moe
1901 1805 1904 1810 ’

130 1906 289 1977 stellaria
304 1907 359 1994 [(1,
375 1909 405 1988 3,
426 1902 513 1988 128.)
533 1903 570 1968 io
582 1901 645 1968 hoc
664 1926 782 1972 versu.-
1032 1911 1040 1918 ”

447 2017 579 2086 Verum
601 2018 692 2094 illud
712 2043 796 2105 esse,
821 2021 978 2088 maximo
995 2044 1085 2110 pars
1109 2033 1300 2090 vestrorum
1321 2021 1506 2116 intelligit,

132 2161 240 2232 quum
266 2135 365 2209 celtes
392 2133 581 2202 maximo
603 2157 712 2226 pars
732 2133 843 2203 dicere
863 2147 1070 2224 vestrum,
1101 2149 1163 2207 etc.
1380 2128 1382 2132 ’

926 2385 960 2467 s·
992 2371 1030 2452 ⁵¹·
1091 2332 1094 2340 ’

531 2521 591 2580 on
624 2483 869 2580 ressonis
889 2517 1106 2580 ,scarras
1137 2517 1422 2579 ιιιοιιοιιιιιι.

223 2656 376 2746 i)Quae
389 2669 487 2726 extra
502 2662 648 2747 primam
661 2661 867 2748 personam,
876 2681 942 2746 qua
952 2659 1160 2745 loquentem,
1185 2673 1219 2726 et
1233 2669 1334 2727 extra
1342 2659 1525 2726 secundam
1539 2643 1798 2758 personam,
1754 2685 1820 2752 qua

133 2799 230 2858 eum,
252 2797 310 2860 qus
301 2773 456 2857 audiat,
479 2773 660 2862 significari
672 2798 774 2865 supra
789 2775 955 2859 diximus,
975 2776 1083 2865 posita
1097 2789 1187 2860 sunt,
1207 2778 1306 2846 tertia
1317 2801 1463 2867 persona
1479 2779 1821 2888 comprehenduntur.

80 2869 88 2879 ⁸
132 2890 222 2957 Huic
244 2913 407 2980 personae
427 2889 699 3024 significandae
687 2892 832 2959 inservit
853 2895 943 2985 apud
965 2894 1106 2962 Latinos
1128 2919 1326 2984 pronomen
1345 2895 1392 2982 ie,
1416 2917 1473 2975 eo,
1499 2875 1546 2988 id.
1589 2896 1668 2957 Hoc
1691 2893 1739 2959 ita
1758 2894 1816 2959 de
1842 2963 1844 2970 ,

130 3009 292 3097 clinatur,
315 3021 354 3076 ut
376 3021 435 3076 aut
458 3005 474 3076 i
492 3010 680 3078 retineatur
703 3021 780 3092 aut,
802 3001 976 3102 inprimis,
1000 3013 1058 3080 ubi
1079 3015 1204 3080 vocalis
1225 3015 1339 3078 littera
1358 3005 1548 3089 accedit,
1534 3031 1547 3072 s
1568 3031 1605 3072 111
1626 3030 1644 3073 e
1664 3031 1819 3076 commu-

130 3139 222 3195 tetur
242 3125 389 3220 incius,
414 3125 465 3212 ei,
488 3153 582 3215 eum,
604 3151 657 3209 eo,
678 3151 729 3195 ec.
773 3128 818 3196 At
840 3129 1010 3214 quomodo
1032 3128 1159 3195 factum
1181 3138 1248 3209 est,
1271 3138 1311 3194 ut
1331 3125 1347 3191 i
1365 3125 1402 3192 in
1425 3148 1444 3191 c
1464 3124 1655 3191 transierit?
1683 3126 1709 3193 I
1723 3127 1820 3196 litte-

129 3267 205 3312 ram
224 3244 261 3310 in
283 3243 506 3316 declinatione
524 3244 675 3338 primum
695 3246 733 3312 in
753 3267 795 3310 oe
815 3245 1017 3334 productam
1040 3259 1073 3315 et
1090 3244 1128 3311 in
1150 3268 1192 3311 ae
1212 3246 1428 3324 immutatam
1444 3265 1514 3308 esse
1530 3242 1630 3330 credo
1639 3267 1820 3334 ,eamque

129 3360 396 3456 diphthongum,
426 3361 517 3453 quod
533 3375 667 3454 postera
687 3373 796 3430 aetate
813 3384 852 3430 es
872 3363 931 3430 lex
951 3363 1075 3465 valuit,
1106 3375 1144 3430 ut
1164 3363 1292 3442 vocalis
1316 3373 1395 3428 ante
1415 3361 1576 3428 vocalem
1588 3361 1700 3429 brevis
1723 3374 1821 3447 esset,

68 3567 74 3580 „
109 3478 164 3545 id
187 3479 277 3568 quod
297 3481 482 3570 antiquitus
503 3505 574 3549 non
595 3481 819 3556 necessarium
839 3453 974 3550 videtur
994 3479 1154 3565 fuisse,
1141 3488 1215 3549 ιιιὲ
1230 3491 1421 3576 correptam
1437 3499 1507 3544 esse
1525 3475 1681 3542 arbitror.
1724 3477 1844 3573 Illius
1884 3515 1888 3524 ·

127 3593 331 3682 antiquioris
351 3596 536 3688 scripturae
557 3600 696 3688 vestigia
710 3599 818 3666 adbuc
837 3609 967 3670 restant
979 3599 1017 3664 in
1032 3599 1128 3664 ocius
1144 3616 1208 3687 pro
1225 3597 1297 3660 eius
1317 3589 1443 3684 (Orelli
1457 3593 1609 3681 inscript.
1628 3592 1691 3657 Nr.
1708 3595 1804 3661 2866
1806 3594 1834 3676 )·

128 3723 162 3779 et
183 3712 239 3779 aei
260 3735 324 3804 pro
347 3737 379 3781 ec
373 3711 569 3804 (Orellil.
594 3716 617 3783 l.
638 3719 703 3784 Νι
710 3715 803 3815 39.)
845 3715 957 3784 Etiam
986 3713 1077 3806 apud
1104 3723 1235 3781 veteres
1261 3711 1378 3802 pc'e‘tas
1405 3709 1437 3776 ei
1443 3689 1623 3798 longum
1626 3707 1725 3775 habet
1746 3729 1765 3775 e
1787 3719 1821 3776 et

127 3829 363 3900 discribitur
405 3833 542 3902 [noret.
559 3833 605 3919 ll,
612 3810 739 3902 1134.
1674 3845 1678 3852 ’

106 4037 111 4047 1
440 3953 516 4018 Nec
544 3945 672 4016 facile
662 3974 699 4017 ιιι
719 3973 824 4018 venas
845 3950 941 4019 cibus
962 3947 1073 4016 omnis
1096 3947 1224 4016 diditur
1246 3948 1303 4015 eii.

126 4065 260 4134 Num'
248 4091 285 4134 ιιι
306 4065 358 4134 ire
378 4067 475 4136 verbi
496 4067 731 4156 coniugatione
753 4080 786 4136 et
808 4068 845 4134 in
867 4066 967 4148 deus,
997 4066 1127 4156 quode
1150 4065 1228 4133 dius
1251 4077 1364 4132 ortum
1388 4073 1455 4147 est,
1486 4059 1543 4150 (cf.
1566 4059 1681 4148 Jabn’s
1705 4053 1822 4128 Jahrb

55 4205 57 4212 ·
126 4179 185 4250 fiir
205 4179 392 4272 Philologie
413 4184 485 4251 und
494 4184 716 4274 Pidagogile,
746 4184 901 4256 zwiillter
921 4183 1035 4270 Band,
1069 4188 1170 4269 1330,
1198 4207 1232 4274 p
1256 4185 1389 4250 839-
1343 4181 1507 4266 -342.‚)
1537 4173 1694 4242 ieodem
1714 4170 1820 4239 modo

125 4296 163 4366 in
184 4321 204 4366 e
224 4284 421 4388 transierit,
444 4299 481 4368 id
509 4301 574 4368 hoo
595 4303 731 4392 quidem
751 4303 827 4370 loco
845 4327 915 4372 non
937 4301 1136 4394 diiudicabo.
1179 4301 1258 4370 Iin
1278 4293 1489 4389 pronominis
1512 4290 1736 4402 declinatione
1755 4310 1821 4355 an-
1836 4295 1840 4302 '

125 4413 264 4506 liquitus
282 4416 490 4510 productum
511 4443 600 4512 esse,
630 4419 852 4520 confirmetur
873 4421 974 4492 ctiam
994 4421 1124 4492 indicae
1145 4419 1280 4508 linguae
1300 4435 1489 4502 consensu,
1504 4409 1649 4499 inqua,
1670 4419 1709 4476 ut
1727 4398 1822 4476 intra
