3966 5076
32 127 86 214 ιι,

32 323 246 420 significatio,
272 335 365 392 nunc
385 321 527 414 qnidam
545 316 810 414 explicabimtnj
827 317 1233 416 ·qnae²res,''qtml3um
1253 321 1328 396 itu
1346 323 1681 425 standandona,
1697 357 1735 413 ιι.

32 445 167 516 nemine
186 456 302 510 tamen
321 425 430 514 adlsuc
452 439 606 510 confecta
626 450 675 508 eat
694 447 728 508 et
749 437 914 530 molum..
954 441 1078 514 Omnis
1092 444 1193 521 enim
1214 453 1331 514 nostin
1350 442 1533 538 disputatio
1553 447 1661 542 iungis
1680 452 1730 534 ιιι

32 561 244 650 singulorum
262 557 442 644 nominum
463 557 605 630 ιιοιιοιιο
631 569 667 626 et
695 557 898 644 delinitione.
919 551 1358 654 cognoscenda.·eorqmqne
1380 565 1510 658 urigine
1532 567 1728 656 ipdsgendo

34 690 206 765 versatur,
235 697 335 764 qnam
357 689 413 761 ut,
436 674 607 762 quomodo
627 676 734 741 verba
754 674 903 742 intense
921 677 1249 766 sint'componanda
1263 675 1558 766 reconstruendo,
1578 679 1731 774 quasque*

35 799 124 886 lages
146 795 183 862 in
203 817 243 862 ea
260 815 299 859 re
323 791 446 858 Graeci
467 802 500 858 et
513 788 661 886 Romani
680 791 788 858 secuti
805 791 893 874 sint,
925 791 1046 862 decere
1065 793 1220 862 velimn's.
1271 797 1350 864 Hoc
1373 821 1501 885 nuum,
1526 811 1615 886 'quot
1632 803 1733 874 enus

37 915 149 1005 prisca
167 912 228 978 illa
248 909 384 996 lingna,
417 927 505 994 quae
526 918 714 974 ceterarum
732 907 832 992 qnasi
851 919 960 977 mater
978 931 1018 978 sc
1037 912 1252 998 procreatrix
1264 923 1317 996 ¹est
1337 913 1511 999 habenda,
1531 915 1730 1006 possedefiq
1824 975 1832 984 ,
1877 945 1882 952 -

40 1031 154 1122 paucis
184 1047 415 1116 exponemus
443 1024 597 1092 Fuerunt
617 1033 732 1089 autam
759 1023 874 1118 multi,
905 1024 966 1110 qui
984 1035 1067 1111 quot
1086 1024 1131 1094 ad
1152 1048 1280 1094 nomen
1301 1029 1565 1097 ocmtruendum
1580 1033 1730 1118 'omino

42 1145 246 1216 necessariae
265 1162 402 1210 οιιιιιιιιι
425 1149 535 1207 essent
555 1135 689 1207 sorrn'se
707 1138 796 1230 apud
811 1163 846 1208 se
861 1152 1074 1230 reputantes,
1095 1153 1149 1216 tot
1162 1159 1274 1228 neque
1288 1143 1403 1232 plnre'a
1418 1143 1604 1232 antiquitus
1615 1148 1655 1216 in
1669 1173 1734 1220 nan
1768 1143 1773 1156 ’

42 1261 144 1332 fuisae'
168 1258 419 1340 insumerent,
447 1255 507 1322 has
528 1253 619 1322 enim
635 1253 764 1343 primae
777 1258 943 1344 putabant
960 1258 1029 1326 ab
1014 1281 1091 1348 span
1105 1271 1220 1328 mente
1232 1257 1400 1345 hnmana,
1421 1262 1479 1329 cni
1492 1273 1605 1330 certes
1613 1287 1734 1340 rernm

44 1380 169 1468 species
191 1399 231 1444 ae
249 1372 381 1469 formae
401 1394 422 1438 a
440 1383 564 1439 natura
581 1368 704 1444 insitae
722 1381 824 1458 atque
842 1372 982 1442 innatae
999 1387 1127 1460 essent,
1149 1373 1243 1462 qnasi
1256 1389 1460 1448 mensurus
1478 1400 1551 1446 essa
1563 1392 1600 1448 et
1612 1395 1734 1474 'sumta

44 1497 84 1562 vi
103 1501 314 1584 procreatas,
342 1499 377 1555 et
396 1483 504 1552 sicubi
524 1483 645 1574 plures
662 1507 774 1569 casus,
796 1509 898 1574 qnam
922 1499 1033 1588 essem
1045 1490 1240 1578 neamearii,
1247 1493 1511 1582 reperirentur,
1529 1499 1735 1572 convaciis

46 1609 198 1680 eiusdem
213 1627 308 1674 casus
327 1601 448 1694 formis
469 1624 541 1668 esse
564 1613 705 1671 cuorus.
748 1603 859 1693 Quae
868 1577 983 1673 multis
998 1603 1136 1692 quidem
1149 1611 1232 1676 vena'
1245 1607 1418 1681 visasnnt.
1461 1611 1568 1676 Sed
1539 1636 1569 1679 ιι
1581 1614 1734 1684 animm

48 1726 90 1794 ad
112 1724 170 1793 illa
187 1735 350 1810 tempora
367 1716 596 1804 advertimus,
621 1717 742 1826 quibus
764 1737 867 1786 mens
882 1719 1033 1822 hnmana
1049 1720 1201 1810 primum
1215 1718 1378 1808 imagines
1393 1725 1544 1792 sensibus
1560 1721 1754 1822 perceptas

47 1839 229 1927 animoque
252 1834 448 1903 informatas
464 1853 549 1902 vnce
572 1847 606 1902 et
625 1856 709 1900 sono
723 1833 917 1924 exprimere
930 1837 1132 1918 conabntnr,
1153 1839 1309 1926 appetet,
1330 1835 1470 1906 difficile
1484 1833 1640 1927 ιιιιιιιι,
1624 1848 1738 1942 mim
1846 1925 1853 1938 ,

48 1979 164 2026 rerum
184 1952 304 2020 modos
328 1971 512 2036 earumque
533 1948 659 2036 species
679 1948 727 2013 ita
748 1949 864 2014 animo
880 1953 1185 2040 comprehendere,
1207 1961 1247 2015 ut
1266 1971 1384 2018 omnes
1404 1949 1611 2041 pancnsimis
1627 1971 1661 2024 et
1673 1983 1739 2030 no-

50 2070 200 2142 cessariis
224 2064 462 2134 tantummodo
486 2062 606 2132 formis
628 2061 894 2146 continerentur.v
921 2066 1054 2152 itaque
1076 2086 1164 2152 qnae
1182 2065 1355 2150 notiones,
1389 2067 1417 2162 si
1439 2066 1482 2134 ad
1502 2069 1663 2136 amussim
1682 2087 1737 2140 res

52 2182 283 2262 examinatur,
313 2200 382 2244 uno
407 2199 487 2258 111111
511 2188 605 2254 tecte
626 2188 770 2268 possum
788 2179 1051 2272 comprehendi,
1078 2203 1138 2252 eae
1158 2180 1200 2252 ab
1223 2159 1322 2254 initio
1348 2183 1385 2251 in
1409 2181 1492 2252 dnos
1514 2195 1624 2252 tresve
1640 2205 1738 2253 cuens

32 2301 300 2394 divisserunt,
325 2295 497 2386 utplures
519 2293 834 2384 existerenteasus',
867 2299 1066 2384 qnamratio
1082 2311 1117 2371 et
1131 2299 1305 2380 necessitas
1320 2299 1433 2390 exigit,
1476 2302 1529 2370 ·Ac
1547 2292 1739 2378 novnsimis

51 2400 280 2524 temporibus,
306 2411 443 2480 reclusis
464 2411 617 2544 plurium
638 2425 673 2480 et
690 2424 847 2488 veterum
866 2427 900 2483 et
913 2398 1140 2508 recentiorum
1154 2417 1347 2504 linguarum
1361 2419 1587 2508 penetralibus
1603 2434 1741 2487 aarum·

46 2533 266 2643 quadriginti
290 2515 322 2598 et
340 2529 578 2621 progressione
600 2545 796 2622 perspecta,
815 2531 853 2598 in
875 2535 1049 2620 omnibus,
1071 2555 1158 2620 quae
1172 2555 1247 2607 cum
1261 2533 1376 2622 lingna
1390 2537 1553 2604 senseritis
1566 2529 1740 2604 communi

53 2650 277 2757 cognationis
285 2647 423 2714 vinculo
447 2648 644 2747 cohaerent,
666 2659 817 2744 praeter
822 2649 1015 2714 vocativum
1030 2663 1159 2738 septem
1173 2649 1282 2718 fuisse
1292 2672 1386 2718 casus
1400 2652 1573 2738 cognitum
1589 2664 1665 2740 est,
1676 2673 1740 2722 no-
1835 2677 1838 2682 ’

55 2767 260 2874 ιιιίιιιιιιγιιηι
271 2809 284 2841 ,
306 2762 529 2850 genitivum,
547 2759 725 2842 dativum,
757 2763 1008 2840 accusativum,
1037 2755 1228 2834 ablativum
1232 2814 1247 2846 ,
1270 2765 1456 2850 leontinum
1478 2779 1513 2836 et
1531 2768 1741 2840 instmmann

55 2882 108 2950 tal
108 2901 171 2944 em.
215 2875 457 2943 Verumtamen
478 2894 583 2978 quum
603 2873 773 2962 homines,
794 2899 939 2966 quorum
951 2896 1047 2946 mens
1062 2882 1195 2950 stratio
1208 2883 1504 2972 magisacuebntur
1518 2885 1743 2970 etexculebns·
1854 2909 1858 2914 ·

56 3009 132 3081 tur,
159 2977 213 3061 tot
228 3011 339 3079 casus,
372 3002 457 3078 quot
476 3001 622 3086 vetustas
642 2992 755 3081 primo
779 2995 873 3082 quasi
892 2994 1024 3086 impetn
1045 3009 1299 3086 procreaverat,
1322 3018 1432 3082 neque
1452 3001 1654 3068 necessarios
1669 3027 1742 3072 csse

56 3126 90 3182 et
106 3122 248 3205 propter
272 3108 346 3178 vim
364 3129 484 3176 eornm
507 3109 630 3196 vag'am
644 3119 679 3176 et
697 3085 859 3176 incertam
877 3109 1110 3210 perspicuitati
1130 3111 1236 3200 magis
1251 3110 1387 3180 officere
1400 3133 1500 3200 qnam
1516 3103 1697 3206 prodesse
1685 3143 1743 3190 m·

56 3229 263 3316 telligcrent,
299 3249 371 3295 non
395 3224 507 3316 potnit
532 3223 626 3311 fieri,
655 3224 751 3312 quin
759 3247 895 3300 casuum
915 3249 1077 3316 numerus
1098 3227 1318 3308 minueretur.
1361 3229 1568 3320 Quanquam
1586 3231 1652 3300 hoc
1670 3259 1743 3306 nnn

49 3349 94 3442 ‚in
114 3321 271 3414 omnibni
291 3341 415 3432 linguis
436 3338 562 3416 factum
585 3355 645 3410 est.
687 3342 951 3444 1Ριιιιιιιιιιιιιιιιι
973 3345 1288 3436 nonnulliquidem
1307 3347 1426 3438 populi
1441 3348 1645 3438 antiquitatis
1658 3351 1759 3434 adeo,

72 3453 206 3546 eneces,
227 3472 267 3527 nt
284 3459 392 3527 multa
408 3458 445 3525 in
465 3458 587 3546 linguis
605 3484 625 3527 a
639 3459 821 3529 maioribus
836 3483 897 3550 per
910 3461 1129 3530 hereditatam
1146 3474 1282 3552 accepta
1297 3475 1454 3552 tanquam
1468 3485 1563 3538 sacra
1576 3467 1744 3552 gentilicia
1855 3501 1862 3508 ·

57 3591 243 3648 tuerentur.
286 3577 341 3643 Ac
362 3574 510 3643 Romani
530 3574 666 3663 quidem
687 3576 835 3663 quinque
850 3589 980 3647 tantum
999 3600 1093 3644 casus
1107 3577 1340 3662 rennuerunt,
1364 3559 1486 3676 Graeci
1503 3590 1634 3666 antem,
1654 3603 1745 3670 quo·-¹

58 3720 137 3765 rum
163 3714 258 3761 mens
274 3691 445 3790 sollertior
462 3701 547 3770 esset
569 3705 604 3759 et
616 3691 772 3778 alacrior,
796 3716 913 3794 omnes
933 3715 1050 3761 rerum
1072 3693 1198 3781 species
1218 3692 1253 3760 in
1274 3693 1516 3794 parturimus,
1510 3715 1607 3780 quas
1622 3711 1747 3788 potue-

58 3825 160 3897 runt,
189 3782 392 3910 redegerunt
409 3805 557 3892 formas,
579 3819 615 3874 et
634 3819 703 3893 tot,
725 3820 807 3897 quot
824 3809 910 3878 ratio
931 3810 1056 3898 exigit
1057 3831 1169 3892 casus,
1185 3829 1300 3894 neque
1318 3809 1432 3900 plnres
1450 3827 1635 3886 servarunt.
1667 3817 1746 3895 Sed

61 3929 221 4015 qnoniam
248 3923 371 3993 Graeci
395 3934 428 3992 et
447 3923 595 3992 Romani
617 3924 700 3992 olim
722 3936 850 3992 ceteros
866 3945 1007 4016 qnoque
1026 3947 1119 4001 casus
1134 3923 1340 4009 habuerunt,
1363 3925 1484 3996 horum
1498 3951 1634 4020 omnum
1651 3935 1744 4035 qussi

61 4041 250 4131 fragmenta
270 4041 435 4129 quaedam
455 4039 565 4133 adhuc
565 4052 783 4155 supersunt,
814 4063 874 4124 eae
893 4055 1006 4112 antem
1022 4041 1212 4131 reliquiae
1201 4065 1237 4108 ιιι
1251 4044 1524 4132 pronominibus.
1526 4043 1742 4159 potissimum

59 4159 295 4268 reperiuntur,
316 4156 355 4224 in
376 4139 496 4244 quibus
516 4158 636 4240 multas
651 4168 781 4224 veteres
801 4155 927 4229 formas
939 4180 1111 4248 superesse
1123 4181 1226 4250 supra
1238 4149 1584 4262 commemoravimus.
1605 4157 1746 4248 itaqu,

57 4299 165 4392 quum
186 4274 229 4342 de
234 4273 492 4392 pronominum
511 4273 733 4344 declinatione
752 4295 854 4368 agere
874 4274 913 4369 ιιι
935 4274 1049 4364 animo
1069 4276 1133 4364 sit,
1159 4274 1310 4376 primum
1331 4276 1418 4344 ιε’·
1393 4299 1436 4343 ua
1448 4273 1578 4344 casibus
1591 4297 1745 4368 ιιιιιοιιιι
