3966 5076
120 125 192 223 44.

127 467 197 512 uon
210 444 336 512 mirum
353 452 410 514 est.
430 445 565 548 'sitque'
572 447 609 516 id
625 469 665 514 eo
678 447 785 534 magis
799 445 910 516 facere
924 455 1126 539 potuerunt,
1146 454 1237 542 quod
1252 455 1544 547 articulus-etiam,
1564 466 1628 532 ubi
1637 469 1812 556 propriant

125 579 222 628 suam
244 563 381 630 tenebat
409 563 709 652 significationem,
740 587 984 654 nonuunquam
1005 589 1129 654 genera
1149 593 1221 638 non
1243 571 1462 642 discernebat.
1493 579 1559 648 ct
1577 583 1749 652 solatiosi.
1762 559 1821 652 ιδ1

120 672 232 776 Soph.
250 677 304 772 Αἰ.
325 703 358 749 v.
380 685 453 750 291.
480 679 695 752 E'rrdduorr‘
663 708 693 749 οι
713 679 848 754 Ἀττικοὶ
869 680 907 751 al
927 679 1047 780 θηλιιιιὶ
1066 683 1217 782 ἄρθρα)
1193 697 1367 784 necessaris
1379 692 1585 788 ἓκφέριιν,’
1565 706 1634 766 αντὶ
1654 707 1710 794 sori
1732 707 1814 788 τῆς,

126 821 196 860 τοι
182 779 367 888 λέγαιιες.
381 800 476 868 ’Ἐστι
489 802 522 866 δὲ
535 825 626 866 τουτο
638 825 749 885 ομοιον
763 825 806 888 τῳ
821 825 886 888 παρ
885 799 1081 895 'Etipsrrr‘dp⁸
1101 803 1171 873 ου’τε
1184 832 1238 873 τοι
1254 797 1373 888 δόξης)
1349 817 1431 898 eqo.
1475 813 1623 905 Εὕρηται
1628 793 1660 882 d3
1674 825 1725 886 καὶ
1736 825 1813 906 παρ’

124 907 298 1000 Ἰσοκράτει
323 911 422 985 πολλὰ
448 921 583 982 τοιαῦτα.
635 921 699 984 Καὶ
724 924 849 1000 κοιναῖς,
883 915 926 996 ὥς
940 917 1029 998 ἔπος
1055 921 1168 1004 εἰπεῖν,
1203 918 1289 1010 παριὶ
1316 932 1395 1014 πᾶσι
1420 934 1615 1015 λογοποιοῖς·
1651 939 1694 1000 τῶ
1722 947 1813 1022 χεῖρε.

124 1024 281 1096 Alterum
304 1043 435 1116 autem,
459 1031 549 1118 quod
563 1033 789 1100 Buttmannus
811 1057 831 1098 a
853 1033 1000 1104 dialectis
1019 1037 1161 1130 repetit,
1184 1019 1427 1140 argumentum
1439 1056 1605 1148 pertenue
1621 1062 1680 1138 est.
1711 1051 1841 1140 Nam.
1941 1047 1945 1058 ¹

125 1144 215 1228 quod
236 1158 303 1214 τοιο
327 1148 417 1234 apud
437 1153 553 1240 poe'tas
577 1149 688 1237 epicos
713 1171 847 1239 semper
866 1143 1017 1239 articuli,
1051 1156 1104 1222 τέο
1125 1155 1158 1220 et
1177 1162 1230 1224 τεῦ
1253 1156 1344 1244 apud
1373 1143 1474 1256 lones
1493 1173 1525 1228 et
1544 1163 1654 1237 Dores
1678 1189 1813 1258 semper
1872 1143 1913 1228 h.

124 1257 293 1350 indefiniti
313 1265 526 1352 pronominis
547 1267 645 1334 habet
665 1277 884 1386 potestatem,
907 1268 986 1335 inde
1005 1269 1092 1350 nihil
1105 1292 1283 1360 possumus
1298 1273 1447 1344 nieihoc
1457 1280 1679 1372 concludere,
1701 1285 1815 1354 Grae-

124 1395 197 1458 cos,
229 1395 422 1466 quanquam
443 1382 585 1450 articulo
607 1408 672 1476 pro
693 1357 870 1450 indefinilo
889 1398 1083 1469 uterentur,
1104 1398 1235 1474 tamen,
1258 1391 1317 1456 ubi
1335 1361 1468 1486 formae
1490 1399 1684 1480 variarent,
1711 1401 1814 1478 aliam
1930 1435 1935 1442 ·

122 1487 166 1554 ad
184 1490 363 1590 artic-ulum
386 1497 552 1585 formam,
575 1501 675 1568 aliam
688 1499 729 1566 ud
743 1521 953 1591 pronomen
951 1501 1164 1569 indefinitum
1180 1505 1438 1590 significandum
1453 1495 1652 1617 adhibuisse.
1696 1518 1818 1606 Atque.

17 1645 23 1648 -
122 1605 301 1678 articulum
322 1617 505 1704 antiquitus
526 1618 736 1708 pronominis
756 1617 926 1684 indefiniti
948 1618 1102 1684 habuisse
1124 1616 1422 1706 significationem,
1453 1609 1568 1708 quum
1581 1656 1625 1698 ex
1641 1635 1701 1716 iis,
1729 1659 1811 1723 quae
1914 1671 1923 1679 ·

121 1724 195 1804 §.2
219 1732 452 1820 exposuimus,
473 1738 580 1825 possit
593 1759 731 1818 conncr,
753 1748 826 1802 turn
842 1735 997 1824 inprimis
1013 1761 1065 1802 τοι
1058 1733 1241 1822 ‘particula
1255 1736 1451 1804 confirmari
1469 1739 1612 1808 videtur
1641 1752 1706 1818 Ea
1721 1752 1813 1817 enim
1911 1769 1934 1792 ·’

123 1847 168 1906 dx
193 1839 353 1932 articulo,
382 1851 430 1917 ita
452 1865 489 1920 ut
514 1853 593 1919 olims
610 1875 654 1918 ex
675 1847 776 1933 οἶκος,
799 1863 875 1918 orta
897 1850 1100 1936 significat
1086 1874 1123 1928 ιιι
1139 1849 1327 1939 aliquare,
1348 1875 1415 1938 quo
1430 1855 1536 1919 verbo
1552 1855 1675 1941 aliquid
1691 1884 1812 1942 verum

121 1970 193 2026 esse
225 1965 262 2027 et
289 1988 406 2031 rerum
434 1967 645 2054 experientia
672 1977 832 2053 tanquam
857 1963 1084 2061 fundamento
1119 1967 1200 2050 niti,
1236 1963 1415 2033 indicatur.
1472 1971 1594 2056 Neque
1624 1971 1813 2046 Grimmius

49 2099 54 2106 ·
119 2073 292 2159 (Granum.
297 2079 423 2170 gerni.
445 2071 527 2150 tom.
549 2083 612 2148 Ill.
631 2106 665 2172 p.
681 2080 749 2186 21.)
771 2067 958 2148 audiendus
981 2093 1049 2163 est,
1072 2103 1131 2169 qut
1145 2109 1194 2149 τοι
1188 2083 1381 2150 secundae
1394 2107 1559 2173 personae
1575 2110 1645 2154 esse
1658 2089 1811 2159 dativum

121 2192 216 2276 quasi
233 2193 401 2280 ethicum,
430 2219 532 2284 quem
554 2211 693 2284 vocant,
729 2222 873 2288 eumque
892 2199 1069 2290 paullatim
1089 2198 1285 2268 affirmandi
1305 2201 1379 2267 vim
1399 2205 1561 2294 accepisse
1576 2206 1691 2273 credit.
1735 2209 1810 2296 Iam
1912 2223 1915 2227 “
1965 2291 1975 2302 ἡ

120 2308 288 2401 superest,
314 2327 353 2383 ut
374 2302 416 2384 de
434 2321 528 2388 11οΣ
551 2330 585 2385 et
607 2311 704 2387 11οΣτ
715 2316 852 2404 formis,
882 2339 963 2405 quas
981 2321 1009 2402 §.
1025 2321 1054 2385 7.
1071 2321 1102 2386 5.
1122 2319 1160 2385 in
1181 2317 1583 2408 indefiniti-pronominis
1605 2322 1723 2392 formis
1744 2349 1811 2414 po-

119 2428 265 2526 suimus,
294 2433 459 2502 nonnulla
480 2435 649 2504 addamus.
703 2437 774 2504 Eae
801 2435 911 2521 enim,
926 2419 1097 2523 quamvis
1120 2459 1191 2504 non
1207 2431 1424 2525 '‘reperiantur
1447 2439 1492 2504 in'
1508 2439 1643 2526 linguae
1671 2463 1808 2526 graecae

119 2552 369 2644 monumentis,
408 2527 526 2636 tamen*
545 2556 628 2658 quin
657 2541 836 2659 aliquando
862 2553 898 2620 in
921 2529 1154 2638 usu-fuerint,
1184 2553 1246 2619 vix
1267 2550 1406 2640 dubium
1431 2577 1501 2620 esse
1522 2566 1637 2642 potest.
1682 2557 1736 2620 Ex
1756 2555 1808 2622 his
1887 2541 1891 2547 ’

120 2667 212 2734 enim
233 2671 367 2741 verbis
369 2673 438 2752 πώ,
460 2675 541 2757 πώς,
569 2676 691 2757 ποθέν,
717 2675 814 2756 ποτέ,
838 2673 919 2756 πού,
947 2676 1018 2754 ποί,
1038 2673 1097 2754 ιιῆ,
1125 2671 1234 2750 ποιός,
1261 2669 1361 2744 ποιός
1382 2667 1556 2736 indefinita
1570 2673 1752 2755 vocabula,
1774 2684 1809 2740 et

41 2865 46 2874 „
119 2787 200 2866 πῶς,
227 2775 328 2852 ποθεν
335 2790 455 2872 ,odem
475 2797 539 2856 ποῦ
544 2801 642 2874 ,ποῖ,
662 2797 723 2874 πῆ,
742 2800 850 2872 soros,
876 2791 993 2871 πόσος,
1019 2791 1146 2868 πηλίκος
1166 2785 1428 2880 interrogativa,
1457 2808 1615 2877 quaeque
1625 2789 1724 2856 Iones
1746 2809 1809 2870 per

119 2923 139 2962 ιι
152 2897 300 2967 litteram
314 2885 458 2974 efferunt
465 2909 553 2994 ,κῆ,
573 2910 683 2992 κόσος,
701 2919 802 2992 notos,
823 2919 905 2994 eto,
927 2917 1006 2975 sunt
1020 2903 1193 2996 profecta..

225 3034 260 3116 4>
280 3036 436 3125 Denique
459 3041 542 3110 de''
519 3069 614 3126 αισα,
636 3042 796 3130 singulari
816 3039 933 3142 aliqu'a
941 3041 1070 3123 forma,
1092 3058 1268 3142 quaecum
1282 3018 1563 3118 adiectivissaepa
1580 3031 1804 3120 componitur,

11 3153 13 3157 ’
121 3150 246 3238 aliquid
264 3152 442 3236 dicendum
456 3171 514 3226 est.
547 3159 686 3230 Λιια
661 3181 732 3225 sive
744 3156 827 3227 ασσα
843 3157 1007 3246 significat
1018 3175 1107 3222 τινα
1128 3144 1248 3219 dervo
1224 3177 1314 3234 αττα,
1333 3141 1428 3236 μικρά
1442 3144 1529 3230 dero,
1552 3145 1610 3231 (of
1626 3147 1808 3214 Heindorf.
1837 3195 1840 3199 -

114 3269 164 3352 ,ad
173 3269 255 3337 Plat.
265 3271 435 3343 Theaetct
455 3300 487 3366 p
504 3277 575 3368 148.Ι
589 3274 640 3344 Ο.
628 3287 831 3366 ,praeterea
846 3278 946 3340 etiam
958 3273 1041 3342 ασσιι
1055 3255 1233 3359 reperitur,
1256 3265 1329 3356 (cf.
1322 3265 1491 3333 Maittair.
1506 3265 1546 3329 de
1560 3286 1610 3350 gr.
1601 3256 1704 3350 .lirig
1720 3265 1808 3332 Dial.

121 3391 222 3476 P·29·
236 3389 306 3478 Α.).
350 3393 491 3486 Optime
511 3393 553 3460 de
576 3417 614 3460 ea
636 3393 748 3460 forma
763 3379 956 3459 Eustatlrius
976 3413 1011 3480 p·
1028 3389 1099 3456 148.
1119 3387 1141 3454 l.
1156 3389 1207 3454 38.
1230 3385 1387 3474 disputat·
1430 3382 1463 3448 Is
1484 3379 1573 3448 enirn
1596 3382 1678 3448 haec
1692 3381 1815 3449 hebeti

115 3509 278 3592 ἯιἈσαα,
256 3536 354 3592 uteru,
375 3513 409 3578 ἐκ
423 3520 480 3580 rod
492 3543 513 3580 α
531 3505 725 3594 audaciori,
743 3537 760 3577 o
745 3504 912 3591 aem,
877 3537 913 3578 το
926 3537 995 3577 τινα
987 3511 1217 3593 ’Μεγαρικῶς
1213 3529 1266 3569 και
1254 3507 1459 3588 Δωρικῶς.
1477 3505 1564 3566 Φασὶ
1579 3503 1612 3564 δὲ
1630 3525 1660 3565 οι
1652 3497 1811 3580 ‘noiomi

124 3624 250 3694 dni
197 3630 250 3714 τρί
249 3653 269 3694 α
290 3633 430 3713 σημαίνει
457 3621 493 3696 sd
511 3626 608 3716 ¹‚dioro
647 3624 684 3696 ια’
711 3626 820 3712 ἅτινα,
845 3633 897 3694 καὶ
924 3620 959 3694 cd
984 3623 1045 3692 ooo
1070 3622 1409 3716 sallustianorum
1434 3611 1471 3684 td
1500 3618 1570 3683 τινά
1587 3618 1642 3680 καὶ
1660 3622 1813 3702 ψιλοιιαι.

113 3727 281 3834 ''Atque‘'
259 3771 342 3814 ασσιι
364 3743 510 3834 quidem
523 3743 655 3812 facilem
677 3744 777 3811 habet
800 3744 1017 3835 explicatum.
1061 3742 1167 3807 Nam
1174 3761 1278 3827 quum
1298 3759 1363 3826 pro
1384 3761 1455 3803 τινα
1446 3733 1540 3798 'dici
1559 3731 1661 3820 possit
1682 3760 1719 3798 ια
1738 3731 1833 3832 sive,

60 3861 67 3866 ⁵
123 3869 183 3948 σά,
212 3863 361 3934 eiusdem
383 3863 530 3931 litterae
537 3859 695 3951 repetitio
716 3861 802 3927 nihil
825 3859 948 3944 habet,
976 3881 1042 3945 quo
1066 3857 1232 3940 offendat,
1264 3877 1344 3922 nam
1363 3850 1403 3920 et·
1422 3850 1531 3934 derso,
1563 3847 1650 3917 ὅττευ
1673 3846 1812 3930 dicitur3
1839 3897 1849 3904 .

8 3977 12 3983 ’
123 3983 225 4069 idque
248 4003 310 4050 our
332 3973 481 4066 dicatur,
511 3981 539 4064 §.
555 3979 585 4045 7.
604 3979 690 4056 ab.
712 3977 883 4067 explicare
895 3974 1097 4045 studuimus
1137 3975 1188 4042 At
1211 3970 1388 4038 enimvero
1409 3963 1623 4072 quomodo”
1599 3993 1676 4033 αιτα
1699 3974 1813 4029 ortum

124 4109 223 4188 atque
244 4097 468 4188 compositum
490 4097 551 4181 sit,
574 4096 609 4162 id
627 4119 682 4162 me
702 4095 819 4184 fugere
836 4095 956 4164 fateor.
1000 4094 1079 4160 Hoc
1094 4115 1218 4172 unum,
1241 4090 1270 4155 si
1292 4089 1375 4156 ασσα
1389 4087 1462 4152 sive
1478 4085 1814 4170 ατταιοιιιριιιιιιιιιε,

123 4215 245 4284 coniici
259 4229 357 4307 posse
371 4215 522 4281 videtur·
545 4211 865 4300 quemadmoduml‘,
888 4209 1007 4277 tertiae
1022 4233 1186 4300 personae
1202 4205 1311 4287 radix,
1332 4197 1494 4286 extiterit,
1517 4199 1574 4288 (cf.
1589 4199 1617 4281 §
1634 4198 1667 4262 5.
1668 4199 1742 4264 Nr.
1750 4195 1814 4284 4.ι)

70 4414 75 4418 ,
122 4333 297 4403 siccatam
323 4355 514 4424 pronomen
543 4325 785 4421 quoddarn'’‘0
814 4322 1155 4412 ι1ιιο”οΣ,Ἤ,Ὄ
1181 4321 1365 4440 antiquitus
1386 4318 1507 4405 fuisse,
1535 4323 1610 4402 aut,
1640 4326 1679 4382 ut
1696 4315 1817 4422 rectius

215 4437 220 4470 l
949 4455 951 4459 ,
