3966 5076
91 249 144 331 ta

91 465 358 544 doorproeoa
462 448 468 456 ’
1379 523 1383 528 ,

88 572 178 642 libro
200 571 229 638 1.
421 569 588 641 'Constitit
605 567 684 638 inde
701 565 772 634 loci
789 579 931 660 propter
952 593 1008 638 coe
1023 570 1080 641 dia
1099 574 1260 664 demum
1283 659 1285 664 Ι

70 688 180 759 libro
199 689 266 756 111.
424 687 562 756 Circum
581 705 702 772 eoaque
722 695 802 754 sunt
823 701 1101 778 magnosgentes
1123 695 1319 784 opulentam
1378 740 1381 748 ·

90 805 269 876 libro-vlt.
419 807 508 874 Cum
523 811 715 886 censentur,
736 813 865 870 terrere
879 804 979 874 minis
992 808 1217 879 hortanturve
1227 835 1300 898 eoa,

92 935 127 994 et
144 923 232 992 libro
250 922 316 996 XI.
351 914 357 920 ’
421 917 658 1003 contendunt,
687 918 811 986 Graios
824 918 977 992 ‘Graecos
993 948 1191 1010 memorare·
1202 931 1313 1000 solent
1324 956 1388 1002 eos.

92 1041 227 1130 Quibus
247 1065 292 1110 ex
312 1035 476 1128 exemplis
495 1041 652 1129 apparet,
673 1035 886 1131 etiarn'apud
903 1041 1046 1112 Latinos
1060 1056 1191 1117 tantum
1208 1050 1437 1122 nominativos
1458 1067 1495 1125 et
1513 1064 1720 1142 ammaim
1739 1091 1785 1140 ,χ

92 1157 157 1232 baa
175 1160 292 1230 radice
307 1178 378 1222 esse
390 1155 573 1224 derivatos.

198 1280 234 1380 2)
198 1272 299 1340 21n
321 1273 417 1370 boc
407 1274 510 1361 igitur
536 1274 738 1364 pronomine
763 1276 904 1366 proprie
927 1278 1021 1347 nulla
1047 1278 1113 1347 nisi
1135 1281 1251 1351 tertiae
1273 1307 1439 1374 personae
1459 1291 1547 1362 ineat
1566 1295 1784 1385 significatio·
1859 1322 1862 1327 ·

95 1390 162 1456 Sed
189 1409 296 1477 quum
324 1379 454 1458 veteres
481 1387 616 1479 linguae
645 1402 682 1458 nt
708 1393 853 1482 primam
871 1406 906 1461 et
927 1395 1127 1485 secundam,
1156 1400 1204 1467 ita
1228 1401 1330 1470 etiam
1352 1405 1484 1474 tertiam
1504 1433 1685 1500 personam
1708 1430 1800 1487 oum?
1860 1399 1863 1404 Ι

95 1503 193 1572 verbi
219 1507 456 1595 coniugatione
478 1510 737 1596 coniungerent,
770 1508 915 1596 ideoque
944 1513 1057 1579 minus
1076 1518 1304 1584 necessarium
1327 1534 1429 1606 esset,
1460 1538 1499 1594 ut
1520 1531 1621 1598 tertia
1642 1553 1795 1622 persona

95 1624 237 1715 proprio
252 1647 290 1692 ao
308 1625 469 1716 peculiari
483 1627 649 1694 vocabulo
662 1625 923 1712 significaretur,
947 1651 985 1694 ao
999 1631 1062 1718 pro
1080 1654 1121 1698 ea
1133 1655 1236 1721 saepe
1249 1635 1352 1708 etiam
1367 1643 1629 1729 pronominibus
1643 1647 1789 1720 damon·

95 1741 243 1809 motivis
269 1747 466 1828 uterentur,
502 1743 628 1811 tactum
654 1755 722 1828 est,
749 1755 788 1809 ut
813 1743 896 1810 illud
920 1766 1111 1834 pronomen
1138 1748 1176 1815 in
1205 1749 1279 1816 aliis
1300 1753 1424 1842 linguis
1445 1759 1633 1826 maximam
1654 1777 1788 1851 partem

91 1858 269 1956 interiret,
298 1861 335 1928 in
356 1862 428 1928 aliis
448 1882 532 1950 vero
552 1860 590 1926 in
613 1859 818 1947 singularem
839 1881 938 1927 usum
958 1877 1223 1937 eonverteretur.
1262 1870 1318 1938 lta
1339 1873 1377 1940 in
1396 1873 1501 1940 latina
1519 1873 1636 1959 lingna
1657 1879 1798 1944 accidia

97 1975 205 2066 Apud
229 1977 306 2075 illos
332 1977 423 2044 enim
446 1976 477 2041 ie
499 1998 708 2064 pronomen,
731 1997 837 2063 quum
856 1977 892 2043 id
913 1963 1069 2069 inprimis
1089 2000 1312 2073 usurparent,
1337 1985 1366 2052 'si
1386 1984 1448 2072 qui
1461 2011 1652 2077 pronomen
1668 2010 1793 2076 seque-

100 2096 219 2178 batur,
236 2092 309 2159 vim
329 2091 462 2160 relativi
481 2094 693 2181 pronominis
715 2096 853 2184 aceepit.
895 2095 1058 2162 Perverse
1079 2098 1171 2163 enim
1191 2110 1332 2185 egerunt
1353 2099 1397 2184 ii,
1421 2103 1489 2187 qui.
1500 2103 1530 2168 ia
1552 2105 1642 2172 inter
1660 2126 1793 2196 pronod

99 2209 194 2278 mina
212 2208 475 2276 demonstrativa
498 2208 697 2278 retulerunt.
739 2211 874 2279 Nam
847 2235 877 2278 ιι
898 2211 1206 2280 demonstrativum
1217 2225 1323 2299 esset,
1341 2214 1375 2285 is
1363 2214 1555 2326 hemines,
1579 2221 1791 2309 quietiorem,
1878 2207 1882 2216 ¹

9 2419 14 2431 ἰ
101 2327 138 2394 in
157 2325 185 2393 ie
179 2323 358 2392 'homines
375 2337 575 2414 praesentes
596 2341 688 2395 recte
711 2329 836 2396 mutari
855 2339 986 2419 posset,
1015 2328 1052 2394 id
1074 2329 1170 2416 quod
1188 2329 1266 2398 fieri
1286 2333 1423 2419 nequit,
1452 2357 1559 2422 quom
1581 2336 1619 2403 to·
1641 2338 1795 2406 bomima
1910 2311 1913 2316 Ι

96 2456 296 2536 praesentes
303 2444 369 2510 dici
385 2445 501 2533 possit.
542 2445 587 2511 Et
597 2443 694 2512 facile
709 2446 861 2531 sentitur,
885 2445 991 2533 quid'
980 2445 1121 2528 intersit,
1141 2459 1256 2514 utrum
1273 2449 1392 2518 dicas
1378 2475 1419 2536 rc,
1443 2452 1638 2539 quiCoirem
1652 2456 1791 2536 oceidit,

104 2563 267 2655 anfugit3
295 2586 339 2630 an
360 2561 434 2648 bie,
455 2563 536 2646 iate,
558 2562 636 2648 ille,
659 2587 720 2653 que
713 2562 858 2630 Caium
877 2562 1021 2650 occidit,
1043 2563 1222 2654 aufugit.-
1242 2564 1315 2633 Hie
1330 2567 1441 2654 enim,
1463 2567 1544 2654 iate,
1572 2569 1632 2636 ille
1650 2571 1795 2664 demon-

103 2681 230 2750 strandi
250 2681 350 2749 habet
371 2680 463 2764 vim,
491 2680 524 2745 ie
541 2681 646 2786 modo
666 2680 840 2749 bominem
864 2681 1030 2765 aliquem,
1060 2680 1102 2747 de
1124 2703 1191 2768 quo
1212 2683 1340 2789 aliquid
1361 2686 1590 2774 praedicator,
1619 2687 1795 2777 significat.
1899 2770 1910 2791 ι

107 2799 241 2886 Quibus
263 2793 565 2878 demonstrator,
550 2820 579 2861 so
593 2776 786 2886 pronomen
806 2796 849 2864 ad
861 2796 1091 2887 praedicatum
1105 2798 1241 2886 aliquod
1254 2781 1393 2889 referri,
1415 2816 1450 2870 et
1466 2804 1557 2896 apud
1569 2806 1709 2873 Latinos
1722 2825 1795 2868 non
1905 2861 1913 2872 ,

107 2915 281 2981 immerito
297 2914 555 3004 pronominibus
569 2911 721 2978 relativis
736 2913 949 2981 adnumerari
966 2937 1082 3002 posse,
1105 2916 1157 2982 uti
1170 2917 1360 2986 Priscianus
1371 2919 1466 3001 fecit,
1491 2920 1579 3005 apud
1596 2937 1698 3000 quem
1711 2915 1794 2981 ΧΠ.

75 3035 77 3042 ’
101 3031 234 3099 tostin.
249 3054 389 3120 gramm.
400 3034 429 3096 l.
443 3033 471 3115 §.
485 3035 514 3098 3.
536 3031 619 3097 haec
629 3030 730 3096 verba
742 3021 919 3118 legianturt
945 3032 1085 3098 Tertiae
1096 3055 1261 3117 personne
1272 3034 1348 3096 alio
1358 3041 1442 3096 aunt
1455 3025 1733 3119 demonstrativo,
1755 3041 1796 3096 ut

110 3148 168 3216 tic
181 3161 214 3214 et
233 3149 314 3229 iste3
337 3145 432 3216 elio
454 3147 670 3232 rotatico,
692 3158 737 3214 ur
758 3147 925 3228 1ι,,ιιι1,·
947 3147 1023 3218 atio
1041 3145 1141 3214 modo
1162 3141 1737 3236 demonstrative,'modorelatiem
1756 3157 1796 3213 nt

113 3267 197 3347 iste,
218 3265 297 3354 ipse.
341 3263 464 3332 Differt
484 3278 599 3334 antem
623 3265 653 3330 ia
674 3266 722 3332 ita
735 3287 754 3328 a
770 3262 830 3352 qui
843 3261 1045 3352 pronomine
1060 3259 1220 3346 relativo,
1242 3241 1280 3354 ut
1293 3262 1352 3350 qai
1364 3263 1407 3330 ad
1419 3247 1606 3344 subiectum
1620 3265 1800 3351 referatur,

114 3384 323 3474 quod-,extra
343 3381 408 3449 hoo
425 3382 637 3467 membrum,
664 3381 702 3448 in
722 3401 789 3466 quo
813 3380 875 3469 qni
894 3381 1000 3465 inest,
1028 3388 1077 3446 est
1091 3377 1238 3468 positum
1260 3391 1298 3445 et·
1309 3391 1366 3447 aut
1377 3381 1541 3448 antecedit
1557 3394 1615 3448 aut
1628 3383 1800 3468 sequitur3

117 3502 147 3567 ie
161 3501 329 3569 referatur
345 3498 387 3566 ad
406 3499 654 3588 praedicatum,
678 3495 768 3586 quod
784 3503 879 3563 extra
893 3493 1104 3578 membrum,
1126 3497 1242 3584 inquo
1257 3498 1400 3582 iainest,
1424 3499 1623 3574 collocatum
1639 3509 1697 3562 est.

224 3620 263 3702 8)
224 3618 357 3684 tilam
376 3614 559 3682 videndum
584 3629 654 3699 ιιι,
678 3641 722 3681 an
741 3613 831 3679 idem
853 3613 972 3679 tertiae
990 3609 1154 3700 personae
1170 3636 1362 3702 pronomen
1377 3615 1467 3704 apud
1485 3615 1634 3680 Graecos
1648 3612 1800 3700 reperie-

118 3751 184 3807 tur
228 3736 279 3804 At
298 3753 364 3820 quo
384 3731 488 3818 magia
509 3746 640 3800 veteres
660 3733 870 3800 Graecorum
893 3729 1105 3818 grammatici
1125 3732 1163 3796 in
1173 3725 1285 3804 huius
1301 3733 1512 3824 pronominis
1529 3730 1647 3810 formis
1663 3753 1802 3804 errave-

57 3865 64 3875 ’
120 3866 219 3938 runt,
243 3874 283 3921 eo
304 3847 409 3936 magis
430 3849 619 3916 cavendum
641 3861 710 3934 est,
731 3869 805 3929 ne,
816 3843 897 3912 dum
919 3870 1093 3944 perversas
1115 3847 1253 3923 illorum
1268 3847 1803 3930 sententiasrefellereconamur,

87 4003 90 4009 ·
123 3971 162 4040 in
180 3958 292 4040 alios
283 3969 347 4062 rpai
368 3991 497 4036 errores
517 3967 714 4042 incidamus.
760 3965 877 4052 Quum
896 3965 985 4054 apud
1001 3965 1146 4032 Graecos
1167 3963 1242 4034 fere
1262 3961 1357 4034 hoo
1346 3989 1539 4056 pronomen
1562 3978 1670 4032 totum
1693 3967 1805 4033 iater-

125 4087 258 4157 cidisset
284 4099 317 4154 et
344 4087 540 4176 paucissima
570 4087 641 4152 eius
669 4083 810 4171 vestigia
834 4096 967 4150 servata
991 4094 1099 4149 essent
1107 4129 1126 4166 ,.
1146 4082 1236 4150 inter
1249 4072 1388 4172 ¹graecos
1412 4075 1647 4170 grammaticos
1668 4083 1710 4150 de
1734 4083 1807 4152 eiua
1841 4085 1851 4120 ’-

31 4257 37 4268 ,
127 4206 241 4274 forma
262 4225 332 4269 non
356 4203 522 4270 convenit.
566 4201 640 4270 Alii
660 4203 750 4268 enim
764 4203 797 4285 ’1,
822 4200 878 4268 elii
903 4201 923 4267 ἴ
936 4200 1125 4268 statuebant
1146 4200 1397 4266 nominativum
1419 4195 1502 4266 esset
1544 4199 1671 4266 Utrum
1686 4193 1807 4267 verum

48 4377 53 4396 .
128 4324 187 4406 sit,
210 4343 250 4389 eo
265 4317 433 4386 difficilius
455 4332 504 4406 est
523 4319 564 4386 ad
587 4319 857 4403 diiudicandum,
879 4318 987 4408 quod,
1006 4317 1064 4404 qui
1076 4339 1164 4382 unus
1180 4329 1465 4383 commemoretur
1479 4318 1589 4402 locus,
1608 4317 1644 4382 in
1662 4341 1729 4405 quo
1742 4319 1809 4383 boc

129 4463 317 4532 pronomen
338 4437 504 4526 extiterit,
525 4437 555 4504 is
577 4436 661 4504 adeo
682 4449 861 4527 corruptus
880 4447 948 4524 eet,
971 4447 1025 4524 ut,
1047 4434 1112 4502 nisi
1133 4457 1224 4504 nova
1236 4432 1383 4500 subsidia
1398 4432 1514 4500 critica
1528 4433 1727 4512 afferantur,
1747 4432 1810 4497 vix
